2476 4546
125 250 177 315 42.
539 235 786 311 .0RATOR
848 254 850 259 '
922 268 927 279 ·
966 252 977 293 ·.

125 398 220 467 enim
240 395 338 463 nullu
356 392 411 463 vlo
431 392 531 462 verbi
553 403 620 472 est,
658 401 776 461 tameo
804 390 924 460 eadem
949 409 1014 458 ror·
1031 409 1135 478 saepe
1154 402 1206 461 aut

79 510 82 517 '
118 501 292 590 probatur
319 509 379 565 aut
405 495 557 564 reiicitor
582 492 651 563 elio
681 506 785 583 atque
812 496 880 561 alio
901 495 991 561 elata
1012 492 1136 577 verbo,
1174 495 1205 561 ir

64 602 103 664 73
128 603 354 689 omnibusque
373 598 477 666 rebris
499 596 685 665 videndum
708 608 777 683 est,
806 606 996 686 quatenus'
1027 596 1104 665 Etsi
1123 600 1203 665 enim

124 731 208 776 suus
229 706 355 791 cuique
376 686 501 769 modus
522 711 593 781 est,
619 711 747 777 ¹tumen
778 701 886 789 magis
907 697 1049 767 offendit
1070 698 1205 783 nimium

123 810 227 900 quam
248 828 382 898 parum.
423 807 465 872 In
487 822 555 890 quo
577 805 711 894 Apelles
731 803 879 894 pictores
900 802 1035 891 quoque
1058 825 1115 868 eoo
1132 822 1201 893 peo-

124 936 203 981 eare
224 910 367 986 dicebat,
391 905 450 992 qui
467 928 537 971 non
550 908 727 990 sentirent,
748 907 830 995 quid
845 917 933 979 esset
945 905 1038 972 sotis.
1071 906 1200 997 Magum

123 1026 212 1083 esset
232 1016 326 1082 locus
348 1008 421 1092 hic,
448 1010 569 1090 Brute,
597 1012 686 1098 quod
709 1023 744 1077 te
766 1007 960 1094 confugit,
996 1020 1030 1074 et
1051 1027 1199 1095 maguum

92 1174 95 1179 .
122 1118 289 1185 volumen
310 1113 403 1179 aliud
426 1112 610 1180 desiderat:
631 1115 692 1180 sed
713 1116 757 1182 ad
778 1114 834 1195 id,
858 1113 949 1199 quod
971 1111 1101 1197 agitur,
1127 1108 1199 1177 illud

122 1221 214 1287 satis.
251 1220 341 1285 Cum
369 1217 435 1283 hoc
469 1217 606 1302 decere,
639 1216 747 1303 (quod
778 1238 916 1302 semper
944 1218 1147 1301 usurpamus
1169 1211 1198 1279 iu

122 1321 285 1391 omnibus
307 1321 403 1387 dictis
425 1321 523 1387 factis
544 1321 694 1388 minimis
716 1320 890 1397 maximis)
926 1340 1008 1383 oum
1031 1316 1119 1396 hoc,
1153 1314 1198 1381 iu·
1232 1388 1234 1399 Ι

95 1416 97 1421 ’
123 1446 246 1511 quam,
268 1423 392 1490 decore
414 1425 582 1509 [dicimus,
603 1421 689 1489 illud
711 1444 782 1491 uon
802 1422 940 1503 decere,
962 1431 996 1486 et
1017 1418 1066 1505 id]
1089 1438 1198 1504 usque-

102 1528 276 1615 ·quaque',
311 1539 475 1614 quantum
504 1528 583 1608 sit,.
601 1536 781 1617 appareat,
817 1524 857 1605 in
891 1523 1027 1608 alioque
1054 1530 1197 1611 ponatur,

122 1629 283 1715 aliudque
305 1636 417 1695 totu'm
449 1629 511 1704 sit.
547 1642 665 1697 utrum
692 1628 816 1696 decere
846 1649 892 1694 an
921 1636 1081 1719 oportere
1108 1624 1196 1703 dicru

62 1739 101 1802 71
122 1751 283 1820 oportere
317 1731 409 1799 enim
446 1732 689 1823 perfectionem
725 1731 872 1799 declarat
909 1727 1029 1808 officii,
1072 1728 1139 1815 quo
1168 1734 1196 1791 et

119 1848 257 1925 semper
277 1838 443 1903 utendum
469 1847 520 1902 est
547 1847 582 1902 et
602 1833 782 1917 omnibus,
801 1832 803 1837 ’
823 1835 943 1898 decere
962 1831 1067 1920 ‘quasi
1093 1843 1196 1922 aptum

121 1962 194 2005 esse
214 1951 548 2028 consentaneumque
570 1934 718 2026 'tempori
737 1950 772 2006 et
791 1958 976 2028 petronace
1007 1935 1104 2022 ¹quod
1130 1953 1195 2003 curu

119 2039 157 2110 in
178 2035 279 2109 lactis
297 2041 493 2136 saepissime
513 2054 589 2113 tum
608 2043 648 2115 iu
669 2042 766 2112 dietis
786 2041 894 2126 valet,
927 2040 965 2109 iu
993 2043 1091 2108 vultu
1110 2032 1206 2107 deni-¹

118 2221 332 2245 mu·-

120 2331 199 2403 quod
225 2330 364 2386 facillime
379 2330 443 2386 lieri
461 2335 593 2405 poterat,
610 2334 747 2405 quonium
761 2335 830 2385 enim
841 2349 894 2403 per
906 2330 1026 2404 simplex
1037 2352 1064 2392 n.
1079 2331 1111 2385 io
1124 2327 1194 2386 codd

118 2403 290 2474 plerumque
299 2401 455 2481 ‚scribitur
474 2421 531 2459 om.
554 2407 624 2456 enim
642 2404 746 2461 Ceteri.
763 2405 816 2458 eui
830 2406 900 2456 enim
912 2407 970 2456 siue
984 2424 1013 2457 re
1029 2405 1064 2457 L.
1078 2400 1141 2462 seh.
1154 2401 1195 2456 Or.

155 2475 247 2524 eodem
264 2481 324 2536 res]
344 2492 376 2523 ea
389 2493 430 2524 res
447 2474 517 2528 Veri.
531 2477 555 2531 1.
573 2473 651 2528 Med.

155 2544 296 2611 reiicirur]
315 2545 425 2594 reicitur
441 2544 496 2596 Vir.
513 2562 569 2614 que
586 2545 623 2597 de
638 2543 781 2613 scriptura
798 2558 824 2596 r.
843 2539 972 2599 Lindem.
987 2540 1024 2594 sd
1040 2539 1156 2612 Pompei
1169 2538 1196 2593 Co

117 2612 432 2680 &Epio-„morto
451 2613 558 2683 aliquid
576 2616 672 2666 adicis.
691 2616 756 2666 Non
769 2611 862 2667 solum
877 2611 918 2665 its
932 2611 1038 2679 scripte
1055 2612 1105 2665 sed
1123 2608 1196 2665 etiem

116 2680 790 2821 1311111ῖῑξ1111111111113
804 2681 1198 2823 1111ῗὲ13111ζὲ

116 2829 216 2874 temen
232 2819 450 2942 sergonihhaoc
471 2820 547 2876 ratio
568 2822 682 2876 videtur
695 2823 784 2876 fuisse
796 2820 952 2893 proprie.“
968 2849 1000 2864 ·-
1015 2824 1197 2892 probaturam

117 2893 260 2942 reiiciotur
302 2908 316 2941 r
376 2893 420 2946 ,2.
839 2900 843 2908 ’
1186 2905 1189 2912 ·

154 2959 248 3027 elato]
274 2908 366 3029 relcii’o
382 2962 465 3015 Mon.
480 2962 549 3015 Ven.
562 2962 587 3018 1.
600 2963 626 3018 2.
644 2961 724 3015 Med.
743 2961 810 3017 Tul·
846 2957 890 3013 cf.
911 2958 949 3012 sd
963 2960 1089 3027 Hereum
1100 2960 1150 3026 IV,
1162 2959 1197 3025 11.

117 3029 312 3083 barbarismus
328 3040 385 3091 est,
411 3047 477 3084 cum
494 3031 611 3085 verbum
627 3029 743 3101 aliquod
758 3029 859 3084 vitiose
873 3026 990 3096 effirmr.
1003 3029 1042 3082 ih.
1053 3048 1083 3086 c.
1099 3035 1141 3089 19.
1156 3030 1198 3083 in-

117 3100 200 3153 firma
209 3098 331 3151 feoultas
339 3102 460 3152 oratoris
473 3101 611 3164 rideatur,
620 3100 853 3153 oisiseutentiam
863 3099 1106 3170 -irequentibus
1115 3107 1200 3167 efferat

117 3170 212 3225 rerbis
229 3169 269 3225 ih.
288 3186 312 3219 c.
325 3172 361 3223 20
374 3179 402 3239 et
414 3172 459 3225 26.
475 3169 527 3225 inf.
541 3171 638 3240 §.16st
1216 3218 1219 3225 .

153 3251 243 3289 tamen
263 3239 368 3307 tnagis]
397 3252 455 3289 eom
474 3241 546 3299 Von.
567 3243 590 3294 1.
604 3244 631 3296 2.
648 3236 714 3295 Tul.
731 3246 764 3291 ut
777 3235 831 3291 inf.
847 3235 930 3307 §.dd
946 3239 1006 3295 199.
1025 3237 1087 3295 Cic.
1102 3239 1156 3308 Ep.
1167 3234 1201 3291 ed

116 3306 219 3361 Femil.
231 3309 285 3374 III,
297 3309 323 3362 6.
342 3320 432 3360 rames
451 3307 538 3369 mihi.
561 3310 613 3362 ubi
632 3309 698 3365 cod.
713 3308 789 3377 Lips.
804 3319 860 3359 ram
874 3307 955 3361 mihi.
978 3310 1087 3362 Fronto
1100 3310 1200 3379 Epiros

115 3377 171 3431 etsi
181 3406 211 3416 -
220 3390 277 3428 eom
290 3377 384 3445 iisego
399 3378 491 3447 cepio,
504 3379 553 3432 ubi
567 3379 677 3434 Maius:
696 3393 786 3447 „ram
800 3378 840 3432 ita
850 3377 912 3431 eod.
921 3394 976 3448 pro
987 3382 1086 3448 tomen,
1101 3379 1151 3450 qui
1163 3384 1210 3432 ett'

114 3446 324 3509 archaismus.“
348 3452 382 3505 V·
397 3448 540 3503 Laurenb.
558 3449 706 3522 Antiquer·
720 3468 749 3521 p.
762 3444 824 3503 151·

185 3534 230 3594 73.
264 3551 375 3597 mugnus
389 3547 457 3587 esset
469 3533 617 3606 locustis]
637 3536 747 3589 oerio
758 3536 857 3588 Vis-
865 3516 978 3605 mogoin
991 3546 1060 3585 ercet
1072 3533 1120 3587 die
1131 3533 1202 3587 um

114 3603 149 3727 ξ..
158 3632 203 3727 -ὸ
212 3621 324 3727 meing
338 3604 526 3661 antecessio
540 3605 632 3667 strso.
647 3607 718 3661 Ero.
733 3604 800 3662 soh.
812 3607 841 3662 2.
854 3630 889 3648 -·
905 3623 1020 3677 maguus
1034 3617 1077 3657 ers
1090 3616 1117 3657 et
1131 3604 1201 3663 loeus

135 3696 162 3726 lC
204 3691 219 3726 Γ
279 3711 285 3725 ι
318 3709 326 3724 ο

91 3766 94 3773 ·
149 3745 200 3797 hoe
213 3689 320 3812 diere]
340 3742 391 3795 hoc
404 3743 492 3796 dicere
503 3744 587 3803 Mon.

150 3815 231 3867 dictis
243 3810 340 3880 factis
362 3815 647 3889 minimissmoximis]
679 3814 726 3870 Sio
746 3814 880 3877 Goerenz
896 3829 931 3867 ex
947 3812 1011 3870 cod.
1028 3813 1076 3881 (ad
1093 3813 1153 3867 Cio.
1169 3810 1202 3866 do

113 3882 183 3952 Lag.
197 3901 225 3952 p·
233 3883 293 3950 88.)
307 3880 391 3935 Beier
401 3883 438 3935 ad
449 3885 481 3940 G·
497 3885 584 3942 Offic.
595 3887 630 3942 Τ.
643 3889 668 3945 1.
686 3903 715 3960 p.
724 3888 784 3945 135.
795 3914 831 3928 ·-
844 3887 928 3937 dictis
941 3898 968 3935 et
974 3885 1070 3954 factio
1086 3885 1202 3937 minimis

114 3965 141 4007 ee
155 3954 280 4006 moxtmie
292 3953 397 4008 Ceteri.
617 3995 620 3999 .
984 3986 992 3993 -
1151 3980 1153 3984 ·

150 4024 291 4084 micineae,
309 4021 378 4073 illud
392 4041 444 4075 non
461 4022 568 4089 decere,
586 4035 612 4077 er
625 4021 690 4094 idl]
714 4040 771 4083 om.
785 4024 819 4077 L.
832 4037 866 4079 ex
879 4022 1013 4078 auctorit.
1028 4021 1102 4078 Mas.
1118 4021 1201 4095 proli.

114 4090 167 4145 Or.
193 4089 287 4143 Ceteri
298 4108 331 4144 ea
343 4092 662 4151 retinent-dicamus
677 4093 742 4147 Sch.
755 4094 825 4147 Ero.
1147 4116 1150 4121 ·

156 4159 227 4283 074.
251 4170 288 4242 'et
322 4165 434 4235 tempori
468 4173 496 4217 et
522 4168 614 4233 pera]
666 4168 736 4221 Ven-
770 4161 931 4220 1211911.
962 4184 998 4209 ⁴-
1033 4178 1092 4221 om.
1121 4162 1200 4238 priuo

104 4240 134 4281 a
182 4239 264 4284 stem.

164 4458 168 4463 ,
238 4434 352 4506 μ...
