2476 4546
281 220 353 289 ΔΙ)
386 220 621 290 MARCUM
649 222 889 293 BRUTUM.
1064 235 1128 303 101

51 373 175 443 literam
197 374 405 465 praepositio
426 376 666 459 commutavit,
692 390 735 444 ut
754 377 910 466 suffugit,
931 383 1127 457 summovit.

55 478 210 570 Μῶφι,
231 477 477 557 summutavit,
496 479 665 566 sustulit]

126 582 245 671 Quid?
280 581 319 645 iu
345 578 463 645 verbis
488 579 613 648 iuuetis
645 604 750 669 quam
782 582 866 649 scite
898 582 1120 671 insipientem
1145 601 1189 664 48

60 706 114 749 uon
132 684 383 772 insapientem,
419 682 576 770 iniquum
599 706 670 750 uon
690 683 895 771 inaequum‚
929 686 1121 774 tricipitem
1130 701 1184 757 159

54 808 115 853 -uou
140 787 357 875 tricnpitem‚
395 787 573 853 concisum
603 810 675 852 nou
704 791 936 853 concussum?
968 790 1025 855 Ex
1054 812 1124 875 quo

63 889 178 975 quidam
193 890 372 978 pertisum
393 888 494 953 etiam
509 893 649 956 voluul:
671 889 760 973 quod
778 891 896 955 eadem
914 894 1123 958 consuetudo

63 1013 116 1057 usu
133 992 304 1081 probavit.
345 990 438 1079 Quid
458 1013 544 1056 vero
566 995 629 1057 hoc
650 994 852 1075 elegantius,
879 994 969 1074 quod
992 1017 1063 1059 non
1083 991 1125 1057 fit

64 1106 164 1161 ustura
191 1099 252 1161 sed
281 1095 430 1179 quodem
460 1093 640 1159 instituto?
671 1094 828 1160 indoctus
856 1094 1000 1161 dicimus
1030 1091 1124 1159 brevi

64 1194 151 1281 prima
170 1198 287 1279 litere,
317 1197 458 1262 insanus
477 1197 661 1285 producta,
690 1199 899 1263 inhumanus
922 1197 1035 1277 brevi,
1061 1198 1123 1263 in·-

60 1292 135 1387 felin
153 1299 262 1384 longa.
305 1301 349 1365 Et
370 1323 415 1363 ne
435 1298 566 1379 multis,
589 1299 710 1385 quibus
730 1302 765 1364 iu
783 1301 893 1366 verbis
917 1324 976 1365 eae
991 1301 1124 1387 primae

61 1396 155 1465 'literae
175 1414 257 1467 sunt
278 1423 366 1487 quae
387 1403 422 1466 in
445 1401 600 1487 sapiente
624 1414 726 1486 atque
746 1404 783 1468 iu
797 1400 927 1487 selice,
957 1404 1123 1490 producte

66 1498 184 1583 dicitur,
207 1506 247 1571 iu
267 1506 385 1571 ceteris
411 1503 568 1569 omuibus
598 1502 758 1572 breviter.
800 1508 954 1592 Itemque
976 1527 1123 1593 conmo-

69 1684 252 1703 m

70 1794 161 1864 aliquus
173 1796 299 1864 inienire,
313 1814 389 1847 suum
401 1796 449 1865 qui
463 1806 545 1847 mutet
589 1795 676 1850 ium.“
693 1795 758 1850 Mil.
767 1796 860 1861 Gl.II‚
870 1795 947 1859 3,35.
964 1831 983 1861 ,,
996 1797 1054 1848 Vos
1068 1813 1121 1847 su·

67 1867 107 1928 piti
115 1870 170 1919 tuo!
184 1871 231 1921 Pa.
248 1868 303 1918 Tuo
317 1869 388 1918 istus
398 1868 523 1936 promitto
552 1886 609 1935 ore,
636 1868 690 1918 nisi
707 1866 796 1919 oeulos
816 1875 1010 1938 orationemque
1032 1864 1120 1918 olium

61 1949 188 1987 -unnutas
202 1937 287 1989 sibt.“
1001 1950 1004 1967 ³

93 2017 116 2056 ut
127 2004 250 2072 suffugit,
267 2003 424 2071 summouit]
444 2003 547 2056 Cetera
559 1964 649 2071 doe-levi
661 2004 796 2072 exempla.
812 2033 845 2045 -
855 2016 885 2054 ut
898 2000 1022 2072 suffugit,
1043 2022 1119 2053 sum-

69 2077 141 2142 nuit,
157 2073 416 2126 sussutte'l'ut.lten.
432 2076 458 2126 2.
467 2102 502 2113 ·-
515 2085 545 2122 ut
558 2071 684 2143 suffigit,
704 2076 876 2124 summutavit
895 2075 1006 2125 sustulit
1020 2072 1082 2127 Ald.
1091 2077 1118 2127 9..

69 2139 117 2195 Sth.
130 2145 177 2198 Or.
195 2171 232 2184 ···
249 2155 279 2194 ut
290 2144 417 2211 ¹subegit,
436 2148 621 2206 summutavit,
651 2143 777 2194 substulit
800 2144 853 2195 Vit.
876 2144 929 2196 Dr.
953 2172 988 2182 —
1010 2143 1118 2211 subegit

70 2214 214 2265 unlnuenoit
226 2212 335 2262 sustulit
348 2212 392 2263 lu.
407 2211 440 2262 L.
455 2212 520 2262 Non
534 2220 576 2280 esp
594 2211 764 2274 verisimile,
783 2212 978 2264 accumulasse
1001 2211 1118 2265 Cicero-

68 2291 116 2335 tttu
128 2281 264 2350 exempla.
286 2281 397 2349 subegit
410 2290 437 2331 st
456 2283 567 2339 sustulit
589 2281 705 2333 ommno
721 2281 794 2333 falsa
810 2291 886 2336 sunt.

122 2353 184 2421 Cup·
201 2351 245 2407 48.
281 2352 341 2405 159.
377 2352 461 2418 quid?
479 2353 507 2399 in
519 2350 561 2415 ml
581 2354 651 2418 quod
669 2353 695 2401 in
709 2370 734 2404 u.
749 2352 811 2406 Vet.

91 2437 132 2471 tun
143 2422 315 2485 eoncessum]
333 2438 384 2469 non
396 2438 531 2470 conessum
544 2421 613 2475 Ven.
628 2424 653 2473 1.
669 2420 746 2473 Med.
758 2419 841 2472 Aldd.
860 2419 936 2473 Vici.
955 2423 996 2460 -'
1008 2420 1116 2471 sancte-

69 2502 164 2542 ttttsnon
175 2507 324 2545 eoncessum
340 2488 392 2540 Dr.

93 2560 201 2628 quidum]
222 2560 325 2628 quidem
338 2556 427 2610 leol.
905 2604 909 2609 .

61 2666 64 2671 -
91 2627 221 2698 pertisum]
237 2630 366 2696 percisum
382 2627 438 2676 vtt.
452 2630 522 2678 Veu.
537 2628 563 2682 2.
580 2626 689 2694 Gryplt.
709 2627 732 2679 l.
746 2656 781 2666 -—
794 2636 930 2694 petensuns
955 2627 1037 2678 etiam
1050 2626 1114 2678 vet.

68 2712 223 2765 *pertusum
241 2697 310 2749 Ven.
323 2699 349 2750 1.
364 2695 442 2747 Med.
459 2725 493 2735 -
512 2715 546 2746 ex
560 2700 668 2761 quidum
680 2699 811 2764 percisum
826 2696 891 2749 Tul.
911 2725 947 2736 --
961 2712 1115 2764 percussum

67 2761 187 2820 Nouiusv.
200 2768 351 2834 persedere:
378 2767 514 2818 Concisum
526 2784 578 2817 non
592 2784 760 2833 concussum,
788 2778 813 2827 et
833 2769 903 2838 quusi
924 2767 1033 2835 quitiam
1050 2782 1114 2833 per-

65 2849 146 2886 taesum
156 2838 235 2888 etium
244 2833 346 2888 uolunt.

89 2906 215 2974 instituto]
234 2908 359 2955 instincto
377 2903 447 2955 Ven.
462 2906 488 2957 1.
583 2901 586 2911 ”

90 2974 198 3027 indoctus
211 2972 343 3040 dicimus]
362 2972 411 3024 stc
426 2972 482 3025 vit.
498 2971 657 3040 (indue-tus)
676 2973 732 3033 Gu.
748 2973 774 3029 3,
790 2973 851 3025 Vet.
868 2971 933 3028 Tul.
948 2968 1061 3025 Gellius
1073 2969 1110 3023 N.

66 3040 129 3109 dli,
141 3047 180 3100 17.
195 3072 231 3083 -·
242 3040 353 3094 inclitus
365 3044 478 3093 dicimus
495 3042 597 3108 Ceteri.

88 3117 217 3180 protacta,
234 3109 410 3180 inhumanus]
425 3113 555 3176 producta
571 3112 716 3179 insipiens,
733 3111 891 3165 inhumanus
904 3112 972 3164 Ven·
991 3112 1016 3167 1.
1028 3106 1108 3161 Med.

64 3202 90 3222 κ
98 3186 226 3251 producto.
239 3183 367 3250 insipiens
384 3181 453 3231 breui
467 3197 524 3234 om.
534 3181 692 3232 inhumanus
706 3182 759 3233 Dr.

88 3263 145 3303 stne
158 3251 268 3314 multis]
286 3261 357 3300 stne
370 3249 468 3300 multus
484 3253 588 3319 quidem
603 3251 631 3300 in
643 3250 730 3300 uerbis
744 3269 800 3301 esee
812 3252 919 3318 videar,
936 3249 1039 3318 primae
1060 3246 1108 3299 lit·

64 3326 121 3371 tnse
133 3332 191 3373 eunt
208 3338 276 3389 quus
294 3320 389 3383 insuno
408 3330 487 3388 utqus
508 3317 634 3388 infodies
646 3321 796 3391 productae
810 3323 944 3373 ¹dicuntur
963 3320 991 3371 in
1014 3318 1111 3370 ceteris

62 3391 156 3443 milne
168 3391 288 3451 breuiter.
306 3388 385 3441 Med.

87 3462 281 3528 sapientemque
291 3457 366 3526 tus]
385 3455 488 3508 Addidi
502 3458 529 3507 in
539 3457 612 3510 eDr.
621 3476 730 3523 -quae
745 3458 774 3507 in
782 3458 877 3509 insano
890 3464 971 3524 utque
984 3452 1110 3528 infelice

62 3529 183 3581 ulcu·
194 3531 223 3580 in
237 3534 354 3596 suptente
367 3523 578 3598 quoequefelise
591 3529 658 3578 Veu.
668 3530 693 3580 2.
712 3544 769 3578 om.
789 3530 818 3577 in
836 3526 939 3578 Ceteri.

84 3598 190 3665 dieitur]
206 3595 369 3665 int.‚prims
379 3595 471 3647 litere.
488 3599 616 3662 producte
628 3599 728 3647 dicitur
742 3599 776 3649 in
794 3594 903 3648 scu-
915 3597 1041 3649 dicuntur
1054 3590 1107 3644 int.

55 3668 136 3721 turbs.
150 3669 201 3722 Dr.
212 3667 269 3720 Gu.
282 3665 310 3721 3.
320 3664 381 3716 Ald.
393 3669 420 3720 2.
436 3664 547 3716 Gellius
563 3664 583 3717 l.
599 3666 660 3718 1.-
670 3666 736 3718 lines
747 3667 877 3734 producte
892 3666 1024 3720 dicuntur.
1040 3661 1107 3716 Tul.

79 3740 105 3791 in
118 3740 210 3791 esteris
225 3734 270 3804 o.]
288 3739 317 3786 in
331 3737 422 3788 ceteris
439 3753 497 3785 uero
511 3755 535 3784 o.
550 3735 626 3797 Gell.
645 3784 651 3791 ,

76 3810 183 3874 itemque
198 3805 359 3874 composuit]
378 3803 422 3856 cf..
430 3802 539 3856 Gellius
551 3804 606 3856 l.-l.
620 3801 746 3856 Diomed.
760 3821 788 3872 p.
801 3801 862 3860 428.
879 3841 898 3871 ‚,
908 3804 947 3853 Co
956 3822 974 3852 n
989 3817 1107 3871 proepo-

50 3879 104 3930 sitio
117 3876 252 3946 complexo
267 3892 280 3923 s
294 3872 336 3924 uel
342 3870 372 3944 s
381 3874 536 3937 subiunctus
550 3874 655 3933 litteras
673 3876 805 3940 producto
818 3873 1016 3944 pronuntiatus.
1033 3872 1061 3921 F
1074 3878 1106 3919 ut

50 3944 152 4019 sensero,
165 3943 280 4012 confido,
300 3939 447 4011 confestim,
466 3961 512 3993 eon
531 3955 611 3998 estus.
631 3945 721 3993 eodem
734 3945 811 3994 modo
828 3961 851 4010 e,
863 3953 895 3992 ut
912 3937 1029 4005 consulo,
1039 3957 1106 3989 eon-

50 4022 142 4081 ismda,
150 4032 273 4077 consano,
285 4013 407 4076 consisto,
420 4029 500 4063 eonsu
513 4051 520 4064 .
538 4013 658 4079 uicena
668 4014 726 4064 viee
735 4015 826 4065 eudem
835 4008 900 4062 aliis
912 4009 1010 4060 litteris
1019 4025 1106 4077 psau-

50 4088 126 4141 nss'to
137 4084 288 4153 eonipitur,
306 4090 337 4131 ut
349 4084 449 4147 concio,
468 4084 593 4147 eundum,
611 4083 744 4144 continuo,
763 4097 882 4147 canuae-o,
892 4089 1023 4142 conuento,
1035 4092 1104 4128 sons-

50 4156 177 4221 uedendo‚
189 4152 350 4223 cougregqf‘
367 4149 480 4223 Sptgius
493 4150 522 4201 iu
535 4152 641 4203 Donat.
655 4169 684 4220 p.
693 4150 769 4205 1855.
787 4149 888 4215 „ttuu
905 4146 1105 4198 veliementissi·

50 4224 378 4288 neumasensium,
404 4233 435 4271 ut
451 4223 519 4273 Gon
536 4232 562 4272 et
578 4223 599 4273 J
603 4240 638 4290 n,
657 4223 858 4291 quotiescunque
878 4220 975 4305 liabent
995 4227 1056 4290 pest
1075 4232 1106 4269 κ
