2476 4546
423 238 762 296 nrvsronr.
917 217 936 325 J
1073 226 1213 295 vinv‘x

136 409 201 469 tiae
229 403 410 467 detrimento
438 413 577 487 poterat,
607 405 721 487 pariter
748 405 846 486 etque*
860 399 892 486 5.
909 409 982 474 223.
1005 402 1137 466 dicendi.

138 515 225 575 ldem
254 515 381 574 sensisse
407 512 552 575 videntur
576 515 629 593 qui
651 512 820 574 scriberent
841 510 1003 593 adipatum
1027 510 1138 572 dictio-

100 597 105 603 ·
134 623 192 693 nie
212 641 321 701 genus.
364 621 426 682 Sed
451 620 536 703 quod
563 620 607 680 ais
626 640 695 682 voc.
724 620 851 701 adipale
871 621 954 682 nulla
976 629 1059 681 certa
1080 604 1172 695 fir-¹¹

62 782 66 793 ,
138 727 420 808 mariauctoritats,
441 749 491 790 me
511 728 634 809 quidem
653 727 730 789 nihil
751 736 863 797 movet.
906 712 1074 789 Dicendum
1091 735 1138 790 est

137 834 239 913 enim,
274 835 357 917 quod
384 837 452 918 ipss
472 835 578 897 dixisti
598 832 638 898 ad
657 835 783 918 5187.
807 834 848 896 de
867 855 946 896 voce
974 836 1136 915 collatam,

138 963 233 1024 quem
264 943 417 1023 quomodo
444 943 574 1025 intelligi
600 945 693 1023 velis,
721 964 761 1007 ex
788 941 982 1007 adnotatione
1001 950 1055 1004 tua
1075 963 1137 1004 non

62 1042 66 1048 ’
138 1051 215 1113 satis
236 1060 374 1131 apparet.
409 1050 470 1111 Sed
491 1050 518 1110 si
532 1051 680 1113 tibiidem
696 1050 838 1129 estquod
854 1047 1002 1128 dilatata,
1024 1050 1138 1111 docen-

120 1158 200 1220 dus
217 1158 320 1220 *luisse
345 1159 442 1219 lector
461 1157 602 1235 videtur,
631 1179 690 1238 qua
710 1158 745 1218 id
762 1157 881 1218 ratione
901 1156 969 1217 fieri
989 1162 1137 1239 potuerit.

102 1266 104 1270 ’
139 1266 189 1345 Ac
204 1286 278 1327 sane
298 1266 451 1327 interdum
472 1267 504 1327 in
527 1265 745 1347 compositione
766 1288 831 1325 com
861 1271 957 1347 (cum)
983 1267 1138 1357 praeposi-¹

137 1373 232 1434 tionis
252 1375 396 1457 primaria
417 1375 465 1436 vis
484 1377 527 1435 ita
549 1374 716 1450 delitescit,
738 1383 772 1434 ut
792 1374 951 1434 intendere
974 1383 1005 1434 et
1026 1394 1136 1455 augere

137 1478 318 1563 simpliciter
347 1482 433 1543 verbi
460 1480 705 1563 significationem
725 1490 852 1563 putetur
859 1503 870 1561 ;
900 1481 985 1543 velut
1004 1480 1038 1541 in
1058 1460 1136 1543 voce

136 1574 368 1651 consceleiotus.

137 1719 246 1781 Paullo
267 1727 339 1800 post
359 1717 405 1780 sic
424 1688 585 1800 leglndnm
607 1738 733 1785 censeo:
756 1719 889 1778 Graecia
909 1723 1004 1813 mutto
1020 1723 1143 1782 minue.-

138 1827 235 1908 quod·
246 1826 376 1889 malebat
400 1827 585 1890 Goerenzius
606 1827 646 1888 ad
662 1827 716 1888 Ill.
739 1827 777 1888 de
790 1827 855 1889 ltin.
869 1827 904 1894 Β.
920 1837 951 1889 et
964 1828 1003 1893 M.
1018 1847 1087 1910 csp.
1105 1834 1135 1897 1.

42 1924 45 1929 .
135 1930 172 2018 s
187 1938 220 2005 4·

47 2109 126 2195 llap.
148 2116 200 2179 11
222 2078 252 2195 5
275 2118 327 2181 36.
344 2109 453 2176 Ennio
473 2104 614 2193 delector,
634 2112 682 2172 att
702 2113 869 2194 quispiam.
912 2105 1015 2188 Vides,
1044 2130 1158 2191 qnam.

135 2240 247 2304 parum
268 2240 347 2282 vera
361 2221 455 2282 tuerit
475 2242 581 2283 eorum
603 2220 760 2296 sententia,
785 2239 839 2300 qur
830 2216 1031 2280 Ciceronem
1045 2240 1134 2298 nege·

60 2325 64 2329 ’
134 2336 355 2409 coctusquam
376 2322 439 2390 hoc
459 2331 508 2388 ait
527 2326 644 2389 mediae
666 2327 796 2387 orationi
817 2325 1043 2409 interposuisse.
1075 2327 1136 2388 Sed

136 2432 259 2517 qdod
247 2456 280 2496 sn
303 2430 483 2521 quidusdam
508 2432 595 2498 libris
616 2442 771 2515 comparet
792 2435 950 2514 quispiam
970 2438 1035 2512 ait,
1065 2455 1136 2496 eum

135 2540 276 2603 ordinem
297 2534 357 2605 lroc
369 2545 502 2632 ,quidem
521 2545 592 2605 loco
613 2542 779 2605 absurdum
800 2539 993 2622 indicaveris,
1013 2542 1040 2602 si
1061 2563 1151 2607 vers-

136 2656 309 2759 sunthuas
329 2652 396 2715 dixi
417 2652 458 2714 ad
477 2646 621 2736 Xenoph.
643 2651 726 2716 Hier.
745 2655 775 2729 1,
797 2655 827 2717 1.
953 2664 969 2693 ²

46 2824 199 2911 Cup.‘16.‘
217 2822 251 2909 5.
263 2827 315 2897 62
347 2826 504 2889 sciscltari
527 2830 575 2891 est
598 2829 687 2896 etiam
707 2829 740 2890 in
761 2828 861 2892 Oxon.
884 2826 1024 2894 (101.Ψῖ
1062 2829 1135 2891 Cae·

134 2943 236 3023 terum
263 2937 290 2996 si
316 2935 391 3016 qnid
419 2956 457 2998 eo
482 2935 553 2997 loco
580 2936 759 2997 mutandum
786 2946 849 3015 est,
868 2936 971 2997 malim
995 2936 1135 3016 equidem

134 3054 256 3132 tenen
286 3038 324 3101 id
350 3042 521 3122 sciscitari,
552 3044 605 3106 vel
632 3045 737 3126 potins
771 3063 833 3104 non
861 3041 899 3104 id
921 3045 1077 3104 sciscitari
1097 3057 1135 3106 te.

131 3148 288 3211 Neun‘um
307 3156 408 3209 umen
428 3153 631 3213 necessarium
657 3152 790 3215 videtur.
832 3152 910 3213 Nam
932 3148 1014 3232 qnod
1033 3152 1134 3233 primo

130 3256 208 3319 loco
234 3254 336 3339 posita
365 3258 486 3337 negatio
522 3267 585 3338 est,
619 3258 653 3319 id
680 3259 755 3320 licet
782 3269 931 3342 repugnet
958 3258 1134 3338 vulgaribus

129 3364 322 3451 praeceptis,
347 3363 448 3426 facere
478 3373 579 3428 temen
607 3386 669 3427 non
696 3383 821 3449 possum
843 3368 915 3449 quin
936 3366 1062 3449 probem
1083 3366 1134 3431 vel

130 3472 276 3535 maxime.
319 3471 427 3535 Acrior
454 3473 500 3534 sic
534 3474 694 3554 utriusque
719 3476 805 3535 vocis
836 3478 883 3552 (et
897 3464 1075 3553 negationis
1103 3480 1135 3535 et

60 3565 66 3570 ¹
131 3581 366 3653 demonstrativi
384 3579 583 3662 pronominis)
605 3581 652 3642 vie
675 3580 1023 3664 cernitur,·interposito
1038 3581 1134 3643 mino.
1170 3558 1180 3569 .

127 3690 177 3752 ris
195 3687 345 3771 ponderis
365 3689 527 3753 vocabulo.
570 3689 617 3753 Cf.
642 3688 788 3750 Goerenz.
810 3689 852 3749 ad
871 3689 912 3751 11.
933 3687 973 3750 de
993 3681 1063 3749 Fin.
1080 3693 1134 3765 27,

72 3818 76 3826 ’
127 3800 186 3867 89.
207 3816 277 3901 pag·
269 3795 415 3875 ·256,b.
458 3797 578 3859 Sallust.
600 3795 666 3858 Cot.
687 3796 740 3871 61,
758 3800 809 3861 17·
850 3796 964 3856 Verum
985 3800 1135 3857 sententia

126 3906 202 3966 etus
230 3924 293 3965 non
326 3903 406 3966 mitt
433 3904 568 3968 crudelis
595 3931 639 3951 υ·
672 3899 728 3963 sed
756 3877 861 3964 aliena
886 3926 908 3964 a
936 3926 997 3984 rep.
1027 3917 1135 3967 nostra

100 3994 266 4075 ‘vedum

41 4170 115 4257 0111.
133 4172 190 4241 19.
215 4166 250 4253 5
264 4172 320 4259 68.
339 4181 446 4233 orator
462 4201 500 4221 -
518 4169 726 4258 septicandus
750 4166 796 4238 est
818 4170 906 4236 nobie
931 4174 1039 4258 quotis
1058 4176 1153 4253 fotu-
