2476 4546
133 255 178 322 so
223 320 225 329 ,
566 190 793 351 aaaron

136 407 280 489 cumque
300 403 429 470 animos
449 402 561 497 prima
582 404 792 491 aggressione
812 408 1044 497 occupaverit,
1070 410 1215 481 infirma·

135 504 185 572 bit
207 508 430 594 excludetque
451 507 637 580 contra1·is;
661 507 926 601 defirmissimis
948 512 1014 577 alia
1029 514 1144 602 prima
1156 538 1213 605 po·

135 620 196 674 net
226 610 291 675 alia
321 622 511 698 postrema.
551 609 803 697 inculcabitque
831 614 969 682 leviora.
1036 617 1153 702 Atque
1180 617 1211 683 in

112 710 257 799 primis
279 712 409 776 duabus
432 711 564 778 dicendi
585 712 736 803 partibus
756 716 862 800 qualis
885 729 991 794 esset,
1023 715 1208 787 'summatin
1231 730 1234 735 '

74 815 115 877 16
137 812 354 897 breviterque
375 816 621 904 descripsimus.
665 815 751 899 Sed,
773 828 814 880 ut
834 831 914 883 ante
934 819 1065 885 dictum
1088 832 1155 902 est,
1180 821 1207 889 its

81 922 117 978 51
138 915 362 1005 his‘partibus
395 919 470 998 (etsi
491 942 612 1009 graves
634 929 736 1006 atque
756 942 900 1007 magnae
921 922 1016 1009 eunt)
1047 922 1205 991 minues

33 1030 36 1035 '
135 1020 217 1089 artis
239 1031 290 1084 est
311 1021 497 1135 pilaboris.
1118 1020 1122 1025 ⁵

223 1120 310 1186 Cum
333 1136 465 1205 autem,
505 1136 538 1190 et
564 1124 645 1212 qnid
668 1133 701 1188 et
721 1144 787 1209 qno
808 1126 882 1190 loco
896 1126 1008 1208 dicat,
1043 1127 1202 1209 invenerit,

134 1226 219 1294 illud
244 1236 292 1290 est
313 1226 413 1313 longe
434 1229 638 1308 maximum,
677 1227 792 1292 videre
822 1252 968 1314 quonam
991 1232 1105 1297 modo.
1145 1230 1202 1299 Sci·

137 1342 214 1397 tum
240 1342 287 1394 est
320 1330 427 1415 enirn,
463 1330 553 1415 quod
584 1330 771 1396 Carneades
801 1329 917 1397 noster
947 1333 1060 1402 dicere
1086 1334 1199 1415 solebat,

137 1434 390 1502 Clitomachum
413 1432 532 1498 eadem
556 1434 683 1515 dicere,
719 1434 943 1499 Charmadam
966 1432 1083 1504 autem
1106 1438 1200 1503 eoteu
1237 1501 1238 1508 ,

140 1539 241 1605 etiam
264 1536 366 1603 modo
391 1536 512 1604 dicere.
557 1536 660 1626 Quod
680 1534 709 1601 si
730 1536 768 1625 in
789 1536 1001 1627 philosophia
1014 1552 1145 1611 tantum
1159 1538 1198 1607 in·
1237 1513 1238 1535 l

173 1814 340 1884 infirmabit]
359 1778 629 1882 irfirmaircritMon.

173 1883 358 1952 excludetque]
378 1900 434 1936 om.
450 1902 500 1952 que
512 1882 570 1936 Vit.
743 1929 745 1933 ,
905 1910 908 1916 -
977 1890 980 1897 “

164 1984 179 1997 ·=
210 1955 279 2036 Cap.
299 1954 341 2007 16.
376 1954 420 2009 51.
456 1964 479 2003 ct
499 1949 688 2022 quidetpuo]
707 1950 754 2005 Sia
768 1953 821 2009 Dr.
833 1953 915 2010 Mon.
929 1948 1218 2027 weh-‘omittis

31 2049 34 2053 Ι
139 2025 425 2163 αξιῒιιιῗίηόανηεαιίιε]
447 2092 512 2160 quid
527 2090 580 2143 Dr.
943 2066 946 2072 Ι
1108 2142 1113 2149 ,
1143 2067 1149 2087 l
1236 2080 1238 2190 l

53 2166 66 2179 “
142 2164 336 2218 Clitomachum
352 2164 443 2212 eadem
456 2163 558 2224 dicere,
580 2158 777 2229 Charmadam]
798 2159 989 2214 Clitomachum
1003 2182 1036 2215 ea
1053 2166 1139 2216 dicere
1151 2164 1202 2219 Cat·

138 2237 249 2287 modam
274 2243 364 2282 autern
386 2234 474 2282 eodem
497 2233 576 2281 etiam
595 2233 671 2281 modo
687 2234 783 2283 dicere.
802 2230 948 2285 Damon.
965 2260 1000 2274 -
1019 2234 1122 2287 Clitum.
1136 2233 1203 2285 eadi-
1237 2212 1238 2239 l

140 2322 215 2357 cere:
235 2303 399 2353 Carneadem
413 2319 471 2351 nero
488 2302 570 2351 etiam
583 2302 673 2350 eodem
685 2303 762 2349 modo
776 2300 871 2355 dii-ere.
885 2303 941 2353 vit.
955 2330 992 2341 —
1010 2302 1074 2358 Clit.
1089 2305 1203 2366 caditat,

141 2375 303 2428 Carneadem
324 2382 413 2422 autem
429 2374 486 2428 eod.
505 2383 538 2424 ct.
558 2371 634 2419 modo
653 2372 679 2424 d.
698 2369 776 2425 Mod.
797 2371 861 2424 Tul.
881 2401 916 2411 —
935 2371 999 2426 Clit.
1021 2377 1114 2425 eadem
1129 2376 1218 2437 dican.

144 2445 306 2497 Carneadem
318 2459 346 2501 a.
362 2444 419 2498 eod.
434 2464 455 2494 e.
470 2461 505 2494 m.
515 2444 541 2496 d.
551 2441 622 2493 Van.
638 2444 663 2495 1.
678 2444 703 2495 2.
721 2440 784 2491 Ald·
796 2444 820 2497 l.
841 2443 916 2496 Crat.
928 2443 1008 2495 Mam
1018 2471 1055 2507 ,-
1065 2444 1206 2497 Clincads!

141 2510 245 2581 dicere,
274 2514 452 2565 Charmadam
473 2514 562 2562 autern
586 2526 607 2563 e.
631 2531 653 2563 s.
667 2529 703 2564 m.
718 2510 829 2564 nvtct.
843 2513 991 2566 Larnh.-
1006 2512 1068 2567 otis.
1088 2512 1206 2565 cadmi.

142 2587 306 2638 Carneadem
318 2603 345 2636 a.
362 2587 451 2635 eodem
465 2585 547 2633 etiam
559 2585 634 2632 modo
649 2584 739 2631 eadem
755 2582 843 2633 dicere
854 2582 916 2633 Ald.
928 2584 953 2636 2.
961 2612 998 2622 -
1009 2583 1172 2649 Clitscadem
1179 2582 1207 2645 d,

55 2702 57 2709 .
100 2716 106 2725 ,
143 2657 307 2708 Carneadem
321 2667 475 2705 autemnon
492 2655 580 2703 eodem
596 2647 1033 2722 etiamrnodo'dicereGryplr.2.
1051 2680 1086 2697 -
1105 2653 1207 2707 Glit.en·

140 2728 200 2776 dem
215 2718 324 2793 dicere,
359 2725 537 2775 Charmadam
561 2735 649 2774 autem
670 2724 784 2791 quodam
806 2716 888 2774 etiam
915 2727 1000 2778 niodo.
1030 2722 1103 2789 (om.
1126 2721 1208 2790 dicad

140 2794 207 2848 Sch.
226 2797 253 2850 2.
268 2824 304 2835 -
318 2797 388 2863 quod
414 2795 579 2845 Charmadas
601 2804 689 2843 noster
711 2794 764 2846 dic.
785 2792 900 2860 solebat,
926 2793 1118 2845 Clitomachum
1135 2794 1228 2847 enan.

140 2869 229 2918 dicere
248 2876 275 2914 et
299 2866 468 2915 Carneadem.
513 2864 674 2914 Carneadem
688 2874 778 2912 autem
794 2865 905 2931 quodam
923 2866 1006 2914 etiam
1025 2866 1104 2915 enoda
1129 2862 1209 2915 heae

142 2936 195 2987 Or.
208 2961 244 2973 -
260 2933 441 2985 Charmadam
460 2934 515 2985 Me.
534 2935 563 2983 in
582 2930 659 2985 notis
678 2932 842 2984 Camerarii.
879 2932 934 2987 Hic
953 2932 1035 2985 locus
1054 2948 1114 2986 non
1131 2938 1211 2987 mab

140 3004 220 3056 tione
231 3002 357 3071 indiget,
374 3003 423 3055 sed
438 3001 625 3071 explicatione
636 3001 687 3053 rei.
714 3003 874 3053 Carneades
883 3010 989 3065 orator,
1000 3002 1037 3055 de
1051 3021 1108 3073 quo
1120 3002 1211 3057 mtdtnt

141 3085 184 3128 est
204 3071 332 3125 inlibris
354 3072 411 3124 suis
434 3073 549 3138 Cicero,
584 3071 626 3123 sic
654 3071 830 3139 comparavit
849 3088 946 3125 secum
969 3072 1212 3127 clitomachums

142 3142 346 3209 Charmadam,
364 3142 508 3195 auditores
523 3158 607 3206 suos,
626 3140 788 3209 utdiceret,
808 3140 1023 3197 Clitomachum
1030 3160 1120 3213 aeque
1134 3144 1211 3197 rslctt

140 3223 226 3284 atque
256 3222 346 3266 seruet
376 3215 470 3283 ipsum
494 3211 525 3263 in
549 3211 634 3263 rebus
663 3210 884 3281 philosophicis:
922 3211 1113 3266 Charmadam
1132 3220 1213 3266 auten

140 3300 201 3337 uon
224 3284 319 3339 solum
340 3281 472 3336 acumine
494 3280 604 3350 ingenii
630 3289 659 3333 et
687 3283 854 3350 sagacitate,
880 3282 931 3334 sed
957 3283 1126 3353 eloquentia
1142 3282 1213 3336 enen

139 3353 319 3425 proximasti
336 3370 366 3405 sa
379 3354 474 3421 ipsum
488 3350 632 3404 secedere.
665 3351 716 3403 Vel
732 3350 794 3402 aliis
804 3350 910 3403 verbis:
930 3352 1127 3405 Clitomachus
1140 3367 1171 3405 st

139 3441 262 3495 magnus
272 3423 457 3494 philosophus
469 3431 511 3474 est
525 3430 611 3491 atqua
619 3436 687 3490 ego:
707 3420 781 3473 alter
792 3436 838 3472 me
852 3420 946 3490 ipsum
962 3431 990 3473 et
1001 3421 1033 3474 in
1046 3364 1213 3491 philosoph:
1232 3424 1235 3429 '

141 3504 171 3549 et
186 3496 216 3547 in
233 3495 395 3563 eloquentie
406 3492 542 3545 imitatur.
578 3496 638 3545 Hoc
651 3492 739 3543 latere
751 3490 864 3543 videtur
878 3492 909 3542 in
922 3491 974 3542 illo
990 3493 1063 3545 seito
1077 3486 1213 3545 cernua

142 3564 231 3621 dicto.
267 3562 461 3616 Confirmatnr
475 3575 571 3615 autem
586 3562 655 3615 haec
668 3561 823 3613 verborum
840 3560 992 3630 explicatio
1009 3578 1096 3632 quam
1108 3560 1214 3615 mans

141 3651 175 3687 ex
196 3635 327 3686 Academ.
353 3632 413 3685 Cic·
430 3635 477 3703 IV,
497 3635 523 3688 6.
558 3634 639 3697 „Sed
659 3632 715 3700 ipre
736 3633 936 3683 Carneades
956 3633 1004 3682 diu
1025 3633 1129 3696 tenuit,
1155 3632 1215 3697 (aaa

141 3707 290 3774 nonaginta
304 3706 374 3753 vixit
394 3705 493 3770 annos)
508 3715 534 3753 et
554 3703 615 3771 qui
635 3703 646 3753 i
653 3700 738 3753 llum
760 3701 970 3767 audierant,
990 3698 1131 3750 admodum
1139 3700 1227 3771 flam·-

142 3786 234 3825 eruntt
253 3775 374 3843 equibus
397 3774 611 3823 industriae
633 3770 825 3839 plurimum
851 3767 1214 3838 invelitoruoehosur'tr

141 3842 276 3911 (declarat
288 3842 429 3893 multitudo
444 3841 579 3909 librorum)
597 3841 736 3909 ingenii
754 3859 817 3889 non
836 3841 945 3889 minus
961 3841 994 3890 in
1010 3838 1074 3890 hoc
1096 3839 1215 3891 homin

143 3912 286 3982 quamin
305 3910 501 3962 Charmada
517 3908 776 3979 eloquentiae.“
794 3906 1001 3977 tleOrat.I,11·
1020 3910 1146 3973 ‚mutui
1159 3908 1214 3959 esi!

142 4000 256 4032 summos
287 3982 415 4042 homines,
451 3999 530 4049 quum
554 3991 679 4047 quaestor
698 3997 733 4028 ex
753 3979 919 4029 Macedonia
943 3979 1072 4028 venissem
1085 3978 1214 4035 ,Athena

61 4074 65 4083 ⁸
135 4050 251 4127 florente
269 4053 414 4105 Academia
435 4063 466 4101 ut
485 4050 643 4116 temporibus
666 4046 723 4098 illis
741 4045 901 4115 serebatur,
940 4050 1011 4114 quod
1035 4065 1096 4098 eam
1123 4048 1215 4100 Char·

143 4123 266 4171 madae
294 4131 326 4171 et
356 4119 597 4171 Clitomachus
624 4128 650 4167 et
674 4117 821 4166 Aeschines
843 4117 1007 4167 obtinchant.
1049 4117 1121 4169 Erat
1147 4116 1238 4167 ἀίω,

132 4191 324 4256 Metrodorus,
356 4190 498 4258 quicum
528 4186 611 4240 illis
644 4203 713 4237 una
739 4186 853 4255 ipsum
880 4185 986 4236 illurn
1016 4186 1216 4238 cernentes

120 4257 289 4328 caligantem
316 4278 338 4312 a
351 4262 404 4312 ud
415 4263 452 4314 ie
466 4280 482 4314 r
495 4278 515 4312 a
528 4258 578 4312 t.“
634 4255 750 4330 Quibus
774 4252 853 4308 locis
881 4253 972 4307 simul
993 4263 1130 4322 appares,
1155 4251 1220 4305 sou
