2476 4546
192 214 194 219 ’
252 246 324 316 An
362 244 599 314 nnncun
633 222 868 315 nnurun
1064 253 1108 320 49

50 403 126 471 atini
157 403 265 469 multa
305 399 526 488 frequentans
554 394 624 468 uria
646 374 888 491 'complexione
923 399 1104 475 deuinciet.
1185 408 1191 420 ’

50 505 256 572 talentorum
274 502 358 570 haec
377 505 525 570 laterum
547 515 646 586 sunt,
678 503 798 568 neceb
821 506 900 585 hoo,
924 526 1027 591 quem
1048 504 1105 570 in·

50 630 225 689 armamus,
264 616 323 675 aut
346 605 553 693 expectanda
574 617 634 671 aut
654 606 863 693 postidanda.
914 608 988 672 Erit
1011 611 1101 674 enim
1168 648 1170 653 ·
1213 593 1215 596 ⁵

50 723 70 776 tt
84 733 161 795 ¹uoce
177 708 224 773 sio
237 707 392 773 oratione
412 706 514 772 etiam
533 708 755 811 suppression.
798 708 865 776 Sed
881 708 1043 797 pleraque
1059 735 1103 778 ex
1124 702 1160 758 ⁸⁶

50 814 92 881 llis
116 809 438 879 convenientetiam
458 804 539 876 huic
560 812 731 888 tenuitati,
753 828 961 907 quamquam
981 790 1103 880 iisdem

50 914 227 983 tenementis
256 923 374 978 utetur
404 911 592 978 horridius:
635 914 739 981 talem
775 915 866 982 enim
899 914 1102 982 inducimus.

50 1019 159 1087 decedit
177 1015 265 1082 actio
289 1038 358 1080 non
380 1013 506 1100 tragica
528 1037 591 1078 nec
613 1037 747 1101 scenae,
769 1019 826 1083 sed
848 1016 982 1083 modica
997 1018 1105 1108 iacta·-

50 1122 115 1189 tione
134 1118 288 1208 corporis
312 1117 411 1183 vultu
437 1129 553 1182 tamen
578 1118 686 1184 multa
709 1119 904 1187 conficiens:
933 1142 1003 1184 non
1027 1120 1103 1204 hoo,

50 1244 96 1309 quo
118 1222 277 1289 dicuntur
295 1242 335 1293 os
361 1212 502 1293 ducere,
533 1219 591 1284 sed
616 1220 695 1301 illo,
732 1244 801 1308 quo
823 1218 1017 1307 significant
1042 1224 1104 1288 in-

50 1344 143 1411 genue,
174 1345 243 1410 quo
277 1342 379 1388 sensu
405 1320 556 1407 quidque
586 1326 815 1409 pronuntient.
870 1323 959 1388 Huic
986 1326 1102 1417 generi
1122 1339 1167 1405 26

50 1426 180 1493 orationis
204 1435 426 1515 aspergentur
455 1425 555 1488 etiam
580 1427 682 1506 sales,
726 1426 785 1514 qui
808 1427 845 1491 in
872 1424 1016 1493 dicendo
1046 1430 1103 1494 ni·
1124 1447 1161 1504 87

50 1529 128 1596 nium
143 1538 307 1616 quantum
329 1527 457 1591 valent:
480 1550 625 1614 quorum
643 1529 711 1593 duo
732 1516 856 1616 genera
875 1540 972 1607 sunt,
987 1507 1103 1596 ‘unum

50 1629 220 1723 facetiarum
255 1629 403 1693 alterum
431 1628 622 1696 dicacitatis.
696 1631 819 1696 Utetur
845 1644 1004 1719 utroque:
1042 1636 1104 1700 aed

50 1733 126 1800 utero
145 1733 182 1829 in
206 1729 380 1798 narrando
406 1729 534 1819 aliquid
557 1740 715 1817 venuste,
758 1731 866 1823 altero
892 1732 928 1799 in
947 1733 1103 1803 iaciendo
1211 1723 1220 1736 ’

50 1837 251 1925 mittendoque
272 1832 442 1906 ridiculo,
488 1830 584 1899 cuius
616 1854 743 1919 genera
777 1833 877 1924 plura
912 1848 1008 1902 sunta
1044 1839 1104 1905 sed

50 1958 115 2007 nuno
134 1940 226 2007 aliud
250 1934 392 2023 agimus.
440 1933 528 2000 Illud
553 1932 775 2001 admonemus
799 1944 929 2013 tamen,
959 1940 1103 2009 ridiculo
1124 1956 1159 2013 88

50 2132 228 2156 ...ιιι-ι-
250 2122 253 2127 ’

70 2277 251 2349 complexione]
267 2277 455 2340 compressione
468 2276 552 2332 Mon.
577 2274 616 2332 of.
632 2273 667 2329 de
681 2274 798 2333 01.111.
812 2276 911 2345 §.182

69 2351 229 2403 anteactorum
234 2357 246 2413 ]
267 2347 382 2416 Quinot.
391 2347 440 2410 IX,
452 2347 532 2410 229·
549 2344 632 2415 „Illa
644 2344 738 2401 adhuc
751 2345 904 2401 audaciora
917 2352 949 2400 et
962 2345 1102 2418 mutorum,
1177 2348 1180 2353 '

50 2420 168 2472 utCioero
181 2417 337 2482 existimat,
356 2415 505 2467 totcrum.“
880 2454 883 2458 ,
1027 2442 1030 2447 .

69 2490 147 2539 neceb
159 2486 228 2555 troc]
245 2504 278 2536 ne
291 2488 361 2539 Vsu.
374 2485 399 2537 1.

68 2564 108 2605 erte
116 2553 297 2624 expectanda]
316 2551 463 2619 expetente
477 2566 534 2605 om.
546 2561 597 2603 aut
611 2549 669 2621 rit.

69 2627 110 2675 m't
120 2624 202 2691 enirn]
221 2639 276 2674 orn.
289 2624 357 2670 enim
369 2621 450 2670 Mon.
1018 2650 1021 2655 -

63 2686 103 2743 'ric
112 2695 230 2744 oratione
241 2688 338 2756 ctiam]
358 2686 435 2743 Med.
446 2684 511 2740 Tul.
519 2690 644 2740 -etr'om
657 2689 776 2740 oratione
785 2688 912 2744 Dr.Ven.
920 2690 946 2743 2.
964 2697 1104 2777 ceteraeq.

50 2756 93 2813 ut.
104 2761 155 2815 tul.
178 2760 288 2817 Viator.
306 2757 328 2814 l.
344 2755 414 2818 1.-
428 2768 461 2808 ut
479 2776 552 2821 voce,
577 2762 615 2811 sit
628 2760 710 2811 etiam
724 2768 793 2819 orat.
807 2757 864 2814 Vit.
877 2786 911 2801 -
929 2761 957 2810 in
982 2778 1043 2810 voce
1063 2778 1119 2821 cre,

50 2833 143 2881 untione
153 2832 235 2881 ettam
249 2832 318 2884 Van.
335 2828 361 2880 1.
602 2840 605 2849 ·
820 2821 828 2836 ⁶
1045 2832 1059 2848 '⁴

95 2901 134 2953 86.
167 2894 333 2963 convenient]
351 2896 505 2946 couvmiant
517 2896 600 2948 Mon.

70 2968 173 3037 emedit]
194 2969 302 3019 accedet
314 2965 347 3018 L.
362 2963 428 3020 Sch.
443 2966 493 3020 Or.

68 3036 130 3089 ntra
142 3038 251 3106 tamen]
270 3047 326 3085 tum
338 3034 392 3087 Dr.
407 3033 445 3085 of.
460 3035 487 3153 ξ
497 3036 539 3088 7Ξ.

69 3120 94 3155 oe
103 3108 207 3169 ducere]
226 3122 251 3156 e.
263 3105 333 3156 Ern-
353 3103 419 3154 Lex.
434 3104 458 3153 R
481 3113 517 3155 et.
533 3103 566 3154 L.
580 3118 607 3154 v.
619 3098 709 3152 vultus
722 3108 751 3153 et
765 3102 868 3154 ducere.
903 3100 995 3171 Atque
1007 3118 1040 3154 ex
1052 3116 1105 3153 eo-

50 3164 96 3226 dem
106 3174 185 3228 fonte
198 3173 254 3228 ulia
267 3169 352 3226 fluxit
366 3171 474 3225 locutio
488 3190 534 3241 ap.
548 3171 641 3224 Plaut.
653 3170 720 3224 Mil.
734 3170 783 3224 Gl.
794 3172 834 3237 ΙΙ,
851 3175 876 3237 1,
893 3173 934 3226 15.
950 3174 1012 3222 dum
1024 3170 1106 3222 lobiis
1182 3208 1203 3223 ,,

50 3238 135 3295 ltrctont
156 3263 222 3296 eum.
247 3260 294 3312 ap.
315 3239 390 3295 Gall.
407 3241 511 3309 XVIII,
531 3244 560 3296 40
596 3243 686 3309 „Turn
702 3240 749 3293 itte
773 3243 846 3292 rictu
859 3248 913 3292 orta
924 3241 1107 3310 labiorumque

50 3307 109 3363 tutu
120 3313 249 3365 contemni
262 3330 281 3363 a
292 3329 320 3360 se
331 3313 477 3362 ostendens.
488 3312 505 3340 “
585 3303 591 3319 '

68 3378 242 3449 pronuntient]
259 3382 411 3447 pronuntiet
426 3370 504 3430 Med.
518 3378 697 3446 pronumptiet
711 3377 793 3431 Mon.

97 3452 161 3521 Cap.
177 3448 220 3506 26.
256 3450 300 3505 87.
335 3450 525 3515 aspergentur]
554 3445 610 3500 Jnl.
630 3444 732 3502 Victor
749 3446 769 3500 l.
788 3445 809 3498 l.
843 3441 1047 3516 depingantur,
1080 3447 1107 3499 εἰ

50 3527 163 3582 >prorem
171 3517 298 3587 poscunt,
316 3518 399 3569 ctiam
412 3516 490 3573 eules.
514 3515 620 3570 Malim
636 3527 924 3585 saneauspergunrur.

70 3592 108 3653 put
118 3591 235 3652 radin]
253 3602 308 3640 om.
324 3591 351 3638 in
368 3586 420 3637 Dr.

69 3659 166 3707 nimium
180 3659 324 3728 quantum]
342 3654 400 3706 vit.
416 3654 469 3709 Dr.
482 3650 554 3708 Veli.
568 3654 593 3707 1.
610 3654 688 3715 Junt.
700 3654 725 3707 1.
744 3650 805 3705 Ald.
821 3652 846 3709 1.
860 3680 897 3695 --
910 3654 1007 3713 mirum
1021 3670 1105 3721 quart·

50 3726 88 3771 tun
97 3726 184 3781 Atta.
204 3727 237 3778 L.
244 3725 365 3789 Man-3·
376 3726 498 3773 nimirum
510 3724 637 3792 quantum
645 3725 750 3778 Ven.2.
768 3722 832 3778 Tul.
842 3724 918 3776 tunt.
926 3725 953 3777 2.
966 3728 998 3779 V.
1008 3721 1104 3789 Spald.

50 3789 180 3863 ttQuinet.
195 3795 277 3916 ΞΗ,
290 3796 334 3852 70.
353 3796 369 3847 J
372 3792 410 3847 ul.
419 3791 519 3844 Victor
530 3808 559 3861 p.
565 3793 628 3848 92:
648 3791 723 3843 Sales
736 3794 816 3844 ctiam
830 3793 860 3843 in
874 3793 986 3844 dicendo
994 3793 1105 3842 ntentans

72 3874 150 3917 auum
159 3875 259 3915 uoent.
957 3884 960 3890 ·

50 3874 288 4001 venturumque]
315 3942 426 4000 utroque
443 3940 483 3985 ut.
503 3931 574 3983 Ven.
595 3931 621 3984 1.
636 3930 662 3984 Ξ.
687 3927 767 3984 Med.
784 3928 848 3981 Tul.
873 3956 905 3968 -
921 3929 945 3980 J.
963 3926 1105 3985 vtot.l.l.

50 4000 196 4054 ridiculorum
216 4012 305 4053 nutem
319 4019 376 4050 cum
390 4002 442 4051 duo
453 4018 552 4067 genera
564 4001 620 4049 eine
633 4028 650 4038 -
663 4025 681 4038 ·
694 4011 783 4049 utetur
798 4010 907 4067 utroque
920 4009 1018 4047 orator.

71 4070 222 4123 iniuriendo
236 4069 432 4138 mittendoque]
453 4062 625 4137 Quincuvl,
634 4067 659 4134 3,
672 4068 715 4122 42.
738 4105 756 4133 ,‚
767 4071 796 4117 In
807 4069 941 4132 narrandi>
955 4077 1043 4115 rentem
1057 4066 1105 4118 Ci-

50 4150 90 4191 ῑσο
96 4149 233 4193 considere
240 4138 458 4207 facetiusputut,
466 4141 638 4188 dicacitatem
652 4139 682 4187 in
694 4138 847 4187 iaciendo.“
855 4165 889 4176 -
900 4137 1107 4206 remittendaque

50 4200 97 4263 δεῖ.
107 4236 139 4249 ·-
151 4212 329 4277 mittendoque
344 4207 459 4262 ridiculo
470 4206 578 4281 aliquid
591 4207 782 4263 uenucteVen.
791 4208 820 4262 9..
833 4205 909 4260 ru.

879 4276 921 4342 i>
