2476 4546
50 250 51 254 ι
121 227 169 290 aa
502 242 506 259 ·
556 209 815 285 ORATOR·
912 198 916 209 '

62 382 104 448 12
126 371 218 443 etde
231 392 300 461 quo
319 367 483 436 molimur
496 363 623 457 aliquid
639 367 837 458 exquisitius
854 367 977 438 dicere.
1021 364 1087 437 ‘As
1103 367 1193 467 haqe

78 515 80 519 ·
125 474 311 545 verborum
329 471 426 562 co'pia
440 464 597 538 alitur'et
611 495 732 539 eorum
746 475 973 557 constructio,
995 481 1030 538 et
1050 496 1193 540 numeru.

69 577 105 635 ⁸8
127 577 284 645 liberiore
296 576 441 664 quadam
456 572 585 643 fruitur
598 575 745 643 licentia.
757 646 760 652 ,
774 579 886 643 Datur
901 577 1004 643 etiam
1016 576 1117 664 venia
1133 599 1193 643 con·

126 677 281 748 cinnitati
294 677 560 744 sententiarum:
582 659 616 744 ei
628 679 736 770 arguti
752 679 905 767 certique
920 691 955 744 et
968 677 1193 767 circumscript

35 852 40 861 ,
127 783 314 851 verborum
339 780 488 870 ambitus
521 781 769 847 conceduntur:
793 783 857 848 de.
878 782 1123 868 industriaque·
1145 804 1193 847 nor

127 909 172 954 ex
197 884 329 953 insidiis
367 872 425 950 sed
447 886 567 972 aperte
598 908 637 952 ac
665 887 777 974 palam
803 885 1014 968 elaboratur,
1053 897 1092 950 ut
1112 876 1193 958 rethe

126 988 243 1056 verbis
268 985 364 1075 quasi
384 987 543 1054 demensa
574 999 609 1055 et
633 989 728 1076 paria
752 986 996 1076 respondeant,
1031 998 1072 1054 ut
1096 989 1193 1054 crebro

128 1088 350 1161 conferantur
371 1091 559 1180 pugnantia
587 1102 900 1180 comparenturque
922 1090 1106 1156 contraria:
1127 1099 1193 1157 etat

128 1195 256 1285 pariter
269 1195 420 1261 extrema
440 1197 666 1262 terminentur
687 1196 904 1282 eundemque
923 1180 1075 1262 referant
1095 1192 1130 1259 in
1153 1215 1193 1258 ca·

123 1297 243 1375 ,dendo
255 1318 395 1364 sonum:
421 1319 510 1382 quae
526 1297 564 1363 in
582 1297 728 1376 veritate
738 1318 920 1362 causarum
936 1309 971 1362 et
985 1293 1097 1362 rarius
1111 1295 1193 1360 multu

131 1401 277 1470 iacimus
299 1410 440 1466 atcerte
459 1399 634 1491 occultius.
682 1401 722 1492 In
739 1399 989 1466 Panathenaico
1010 1409 1122 1464 autern
1142 1398 1193 1464 ho·

132 1515 241 1575 crates
262 1525 301 1569 ea
319 1500 467 1569 studiose
479 1516 707 1572 consectatum
723 1505 863 1570 fatetur.
907 1502 1085 1568 nonenim
1105 1501 1143 1566 ad
1158 1501 1193 1565 iu·

133 1607 302 1674 diciorum
316 1616 499 1686 certamen,
521 1604 581 1670 sed
601 1604 644 1670 ad
658 1606 872 1692 voluptatem
884 1604 1022 1670 aurium
1033 1604 1193 1692 scripserat

77 1713 113 1778 89
135 1712 227 1778 Haec
245 1702 406 1775 tractasse
421 1709 715 1797 Thrasymachum
731 1705 998 1774 Chalcedonium
1016 1707 1193 1794 primumet

39 1880 42 1891 ,
66 1844 69 1849 ·
132 1811 339 1883 Leontinum
354 1809 657 1896 feruntGorgiam,
674 1809 895 1877 Theodorum
912 1807 993 1875 inde
1014 1812 1193 1898 Byzantium

133 1916 328 2003 multosque
348 1914 449 1991 alios,
488 1918 573 2001 quos
598 1911 862 2007 toyodupddtovg
883 1912 1031 2000 appellat
1056 1911 1093 1978 in
1112 1913 1193 1980 Phas-

136 2022 199 2086 dro
219 2020 388 2090 Socrates:
417 2037 566 2102 quorum
587 2017 667 2083 satis
688 2027 809 2105 arguta
830 2016 954 2096 multa,
977 2015 1037 2080 sed
1064 2027 1103 2082 ut
1118 2010 1193 2081 modo

134 2123 355 2214 primumque
383 2118 556 2188 nascentia
595 2121 730 2191 minuta
772 2115 806 2187 a
828 2117 1073 2189 versicolorum
1102 2117 1193 2186 similit

174 2327 313 2398 molimur]
340 2325 476 2381 incidimur
491 2327 562 2382 Ven.
576 2329 604 2384 2.
753 2376 755 2383 .

209 2400 278 2468 Cap.
297 2401 340 2454 12.
373 2399 478 2465 alitur]
493 2399 574 2451 aliter
586 2395 660 2452 Kos.

173 2467 273 2538 datur]
293 2471 370 2520 detur
381 2470 459 2521 Mon.

207 2536 252 2593 88.
288 2541 321 2589 de
337 2540 538 2608 industriaque,
553 2554 607 2588 nors
623 2554 657 2588 ex
673 2535 694 2590 i.
710 2541 791 2603 eim}
813 2538 846 2589 de
859 2536 1013 2589 industrio:
1033 2556 1084 2607 quq
1093 2556 1141 2590 noa
1151 2529 1193 2587 eei

138 2609 192 2664 Dr.
208 2606 283 2663 Van.
304 2612 329 2662 1.
344 2610 370 2663 2.
388 2607 467 2659 Med.
489 2607 554 2660 Tul.
568 2620 604 2651 =-'
621 2608 654 2657 de
668 2608 855 2672 industriaque
873 2621 927 2657 non
949 2624 982 2659 ecs
1002 2609 1110 2660 insidiis
1132 2611 1193 2676 apest

139 2697 174 2729 ac
184 2675 282 2746 polum
292 2677 463 2729 elaberentur
474 2675 532 2731 Vit.
545 2705 580 2718 -
597 2687 688 2744 aperte
696 2676 790 2745 palam
802 2675 922 2732 Nonius.

175 2749 314 2814 demensa]
333 2747 379 2800 sic
393 2764 439 2815 ap.
453 2747 528 2800 Non.
542 2764 570 2801 v.
583 2748 732 2797 demensum
749 2774 782 2785 -
796 2748 916 2796 dimensa
931 2743 987 2799 Vit.
1004 2745 1038 2798 L.
1053 2745 1104 2800 Or.

176 2815 349 2886 coesseronrur
360 2838 387 2886 p.
401 2808 651 2884 comparenturque]
677 2815 726 2868 ste
739 2814 884 2885 6ι]ρ1ι.2.
903 2815 985 2869 Man.
994 2815 1086 2874 ,Grut
1095 2808 1193 2868 Reno!

117 2904 119 2908 ⁴
139 2914 176 3009 ffi-
187 2883 331 3009 poplferqpr
342 2897 587 3007 p.[qomparJentque
599 2884 656 2939 Vit·
666 2887 718 2940 D-r.
735 2886 792 2942 Gu.
806 2888 831 2942 1·
842 2887 868 2941 2·
882 2888 953 2944 Ven.
969 2886 995 2940 1.
1011 2887 1039 2942 2·
1054 2884 1137 2941 Aldd.
1151 2883 1193 2938 hit*

168 2973 206 3009 u.
244 2972 267 3007 r.
312 2973 361 3008 sc.
399 2972 473 3007 am.
504 2973 563 3009 nn.

177 3037 203 3077 es
218 3024 266 3093 us]
285 3037 312 3075 es
326 3037 371 3076 aus
380 3026 433 3079 Dr.
448 3026 518 3078 Ven.
533 3027 558 3080 1.
570 3026 598 3080 2.
616 3022 696 3079 Med.
708 3021 774 3079 Tul.

125 3132 128 3140 ·
176 3093 314 3164 referant]
333 3096 473 3160 conferant
490 3093 703 3163 Herrag.1584.

148 3176 152 3185 '
178 3163 395 3232 Panathenaico]
414 3162 642 3229 replementum
657 3164 710 3216 Dr.
724 3164 758 3215 V.
772 3178 802 3235 p.
811 3160 872 3220 259.
891 3160 980 3221 Bekk.

177 3233 512 3372 iiddhiaeaidnileiidsiin]
541 3318 573 3351 eo
594 3303 714 3353 studiose
730 3313 898 3354 consecutum
914 3301 971 3356 Gn·
989 3303 1014 3358 1.
1030 3302 1138 3362 Ven'.1.
1153 3301 1193 3359 Mt

144 3373 214 3428 Erus.
227 3403 264 3415 —
277 3393 310 3425 ee
323 3374 443 3425 studiose
456 3392 484 3424 se
498 3383 678 3424 consectatum
693 3373 770 3426 dunt.
784 3375 810 3426 2.
819 3398 853 3414 -
862 3391 895 3422 eu
908 3374 996 3424 studio
1009 3392 1037 3424 se
1050 3381 1193 3426 consecratu

144 3446 208 3497 Asc.
220 3444 246 3498 2.
265 3441 331 3496 sch.
343 3445 369 3498 2.
382 3470 419 3483 -—
432 3460 465 3494 ess
478 3463 507 3494 se
517 3440 636 3493 studiose
646 3452 831 3493 consectatum
845 3440 908 3494 Ald.
922 3445 949 3498 2.
963 3442 1043 3496 L.·-
1052 3450 1193 3496 consectatu

146 3532 203 3564 esse
208 3512 320 3582 fatetur
337 3514 390 3570 Dr.
404 3539 439 3553 -
454 3511 487 3565 ets
499 3513 618 3564 studiose
638 3530 667 3563 se
685 3523 851 3565 consecutum
869 3512 939 3566 Em.
954 3512 1066 3583 auspic.
1083 3513 1122 3571 cf.
1134 3503 1193 3585 Spei

145 3583 184 3637 ad
199 3578 267 3653 Qut.
286 3583 320 3635 Τ.
334 3583 361 3638 8.
378 3600 405 3650 p.
418 3581 461 3638 49.
484 3581 537 3635 int.
552 3597 577 3633 c.
591 3581 633 3636 69.
645 3578 789 3652 sucturum
800 3593 892 3649 negat.
1168 3624 1176 3637 ,

169 3719 171 3722 y
181 3656 219 3705 ad
227 3651 399 3720 volupe-asem]
414 3668 470 3706 om.
480 3654 518 3703 od
527 3652 579 3704 Dr.
589 3651 657 3707 Ven.
664 3654 690 3705 .1.
697 3653 723 3706 2.
731 3649 811 3703 Med.
820 3649 885 3703 Tul.
897 3648 1038 3719 voluptate
1045 3654 1149 3704 curium
1155 3648 1193 3702 Kc.

214 3722 269 3789 39„
297 3721 518 3792 Chalcedonium]
537 3719 726 3773 calededoaum
739 3720 813 3776 Vit.'
871 3720 874 3731 ’
1067 3738 1070 3744 ’

182 3803 209 3842 et
224 3795 316 3845 Leuat.
349 3830 353 3840 .
372 3792 521 3861 Gorgiam]
542 3791 665 3860 Gorgion
679 3791 731 3842 Dr.
744 3819 779 3829 —
791 3797 818 3840 et
830 3788 913 3858 Gorg.
929 3787 1096 3860 Leo.ferurst
1108 3786 1143 3845 L.

181 3859 419 3932 tcyodosduiouc]
438 3858 611 3929 logotetatos
626 3860 681 3913 Vit.
697 3860 747 3912 Dr.
760 3861 830 3911 Ven.
845 3861 870 3915 1.
883 3862 908 3914 2.
926 3859 993 3912 Tul.

180 3933 362 3999 versicolorum
382 3929 503 3994 similia]
537 3929 585 3981 Sic
604 3928 659 3980 Vit.
681 3939 709 3981 et
725 3929 839 3981 Heindf.
861 3929 897 3980 ad
912 3929 983 3981 Ptat.
997 3926 1152 3981 Phaedro.
1166 3931 1193 3985 11:

146 4002 243 4072 p.316.
256 4031 290 4042 -
305 3999 502 4053 versicoloriam
515 4000 551 4051 1..
560 4026 596 4037 -
607 3999 794 4050 versiculorum
808 3999 909 4051 Ceteri.
936 3999 983 4051 sie
993 3997 1145 4066 legendum
1158 4007 1192 4046 ert

147 4082 180 4125 ut
199 4088 251 4140 ego
266 4069 382 4138 scripsi,
401 4074 435 4121 ei
450 4066 633 4138 sequentibus
647 4069 807 4135 nimiumque
820 4070 923 4136 depicta
937 4076 1067 4136 apparet.
1102 4069 1142 4120 Ee
1153 4061 1193 4117 suit

147 4140 302 4206 sententis,
328 4155 400 4210 quae
419 4155 470 4209 per
494 4136 664 4206 particulam
685 4156 735 4204 que
756 4136 880 4190 orationi
900 4137 1052 4208 adiicitur,
1076 4137 1143 4190 huic
1158 4148 1193 4204 qt*

133 4210 287 4277 praecedit
307 4210 432 4282 cognata
453 4223 517 4262 esse
536 4206 630 4261 dehet.
665 4205 777 4260 Deinde
792 4223 861 4259 mox
873 4224 940 4259 cnm
949 4207 1039 4274 dicit,
1055 4205 1193 4260 Hes-odota
