2476 4544
30 314 34 323 ,
115 258 162 325 20
550 250 776 322 ORATOR

116 406 153 473 in
171 403 286 472 ltaliae
303 407 381 471 luce
400 405 628 507 cognosceris,
650 406 863 493 versarisque
882 405 918 473 in
933 405 1147 494 optimorum
1163 407 1213 475 ci-

115 509 214 577 vium
236 516 293 575 vet
307 510 392 575 llore
405 510 463 574 vel
476 509 609 576 robore.
653 511 725 603 lam
742 522 908 594 quantum
927 510 1009 574 illud
1027 522 1093 590 est,
1117 510 1213 596 qnod

114 611 155 680 in
176 614 335 680 maximis
364 610 641 700 occupationibus
674 634 852 700 nunquam
876 612 1074 679 intermittis
1099 604 1213 683 studia

32 730 35 735 '
114 717 304 785 doctrinae!
346 726 561 804 temperant
581 713 654 804 ipse
671 710 786 783 scribis
800 716 939 802 aliquid,
961 726 1021 781 aut
1033 737 1092 779 me
1110 736 1212 784 vocas

59 817 95 880 ³5
114 822 158 889 ad
172 819 405 887 scribendum!
448 819 564 904 Itaque
588 819 655 885 hoc
668 841 745 885 sum
759 838 935 906 aggressus
949 818 1061 884 statim
1077 818 1213 889 catone

22 982 27 992 .
85 952 89 959 ·
114 924 288 992 absolutos
311 944 413 1008 quem
431 920 543 1008 ipsum
565 944 743 1008 nunquam
762 922 947 1008 attigissem
974 933 1136 1011 tempora
1162 922 1211 993 ti-

113 1051 211 1095 mens
227 1027 358 1093 inimica
375 1023 503 1104 virtuti,¹
530 1024 596 1090 nisi
612 1024 674 1090 tibi
687 1014 836 1091 hortanti
851 1035 887 1090 et
900 1023 991 1091 illins
1003 1025 1210 1101 memoriam

112 1131 201 1198 mihi
230 1152 344 1197 caram
368 1126 529 1219 excitapti
556 1151 628 1193 non
658 1148 781 1216 parere
803 1126 898 1193 nefas
921 1149 992 1194 ease
1019 1129 1208 1201 duxissem.

112 1231 180 1299 Sed
196 1230 374 1313 testificor,
398 1252 454 1294 me
469 1253 488 1295 a
503 1240 538 1294 te
554 1236 708 1317 rogatum
723 1241 756 1295 et
783 1241 995 1296 recusantem
1017 1230 1105 1297 haec
1119 1234 1209 1301 seri·

10 1400 17 1415 .
93 1333 428 1425 'bereesseausum
471 1333 559 1402 Volo
582 1334 674 1398 enim
695 1330 782 1398 mihi
801 1343 914 1396 tecum
935 1356 1208 1403 communeesse

111 1437 253 1518 crimen,
275 1447 324 1511 ut,
347 1440 375 1501 si
389 1436 551 1502 sustinere
567 1448 701 1502 tantam
715 1433 947 1522 quaestionem
963 1450 1205 1528 conpotum,

110 1540 228 1607 iniusti
246 1538 357 1606 oneris
375 1538 525 1628 impositi
542 1550 602 1605 tna
621 1540 721 1632 culpa
739 1538 801 1621 sit,
824 1562 899 1604 mea
919 1539 1058 1627 recepti.
1082 1541 1203 1630 inquo

69 1693 77 1709 .
109 1654 227 1711 tamen
246 1641 360 1710 iudicii
378 1644 485 1712 nostri
504 1665 658 1713 errorem
676 1646 750 1712 laus
768 1642 831 1712 tibi
849 1641 919 1709 dati
932 1643 1086 1733 muneris
1105 1668 1203 1713 com·

108 1745 285 1837 pensabit..

47 1859 86 1926 tt
112 1884 115 1889 ·
195 1849 264 1919 Sed
284 1848 433 1915 inomni
455 1871 495 1913 rc
517 1849 755 1917 difficillimum
777 1859 850 1937 est„
879 1845 1028 1918 formam
1050 1851 1124 1939 (qui
1145 1876 1197 1939 χαι

22 2020 24 2024 ⁴
51 1947 92 2019 3⁶
112 1950 237 2039 ρακτὴρ
256 1951 393 2018 Graece
414 1952 550 2036 dicitur)
573 1977 743 2041 exponere
754 1954 891 2044 optimi:
914 1955 1004 2041 quod
1021 1953 1197 2038 aliudaliit

108 2054 249 2124 videtur
270 2053 436 2142 optimum
500 2056 614 2122 Ennio
634 2057 801 2136 delector,
833 2057 881 2124 ait
900 2057 1085 2146 quispiam,
1106 2054 1194 2145 qnutl

106 2176 181 2225 non
198 2157 339 2224 discedit
355 2180 375 2223 a
394 2159 570 2223 communi
587 2163 685 2235 inore
708 2159 914 2229 verborum:
952 2163 1120 2243 Pacuvio,
1141 2160 1193 2226 in·

109 2262 185 2353 quit
210 2262 321 2335 ·alius;
350 2282 476 2353 ¹omnes
501 2259 595 2349 apud
614 2261 706 2327 hunc
729 2263 841 2328 ornati
867 2262 1103 2349 elaboratique
1118 2272 1192 2333 snut
1227 2320 1233 2329 .

107 2386 246 2446 versus,
262 2402 264 2405 ν
281 2365 390 2429 multa
420 2362 513 2450 apud
535 2364 682 2430 alterum
707 2366 936 2454 negligentius.
1003 2368 1073 2434 Fac
1091 2367 1191 2431 alium

106 2466 211 2535 Attio.
252 2462 464 2532 vaiiaenim
488 2466 707 2549 suntiudicia
731 2472 834 2535 utin
850 2469 1009 2546 Graecis,
1031 2492 1095 2536 nec
1109 2467 1198 2541 faci·

105 2572 148 2640 lis
162 2571 361 2661 explicatio,
385 2594 473 2661 quae
492 2570 607 2640 forma
625 2571 778 2641 maxime
797 2573 949 2643 excellat
998 2572 1038 2642 In
1056 2568 1202 2663 picturis

106 2755 317 2774 *m

141 2853 356 2976 wmlg‘ahltaliae
374 2853 440 2925 lnce]
456 2869 513 2911 om.
524 2853 554 2909 in
566 2850 637 2909 Vett.
649 2855 676 2910 2.
689 2853 764 2911 Kolt.
776 2878 812 2899 -
824 2860 909 2909 lucem
920 2853 979 2909 vit.
990 2856 1223 2928 Dru—ecgw-

19 2970 24 2979 ,
103 2942 188 2977 “8728
224 2940 240 2976 0
263 2962 270 2978 ι
577 2948 579 2953 '

173 2992 218 3048 35.
255 3013 330 3062 quem
344 2993 430 3059 ipsum
444 2998 606 3064 numquam]
625 2992 757 3059 nurrqtiam
770 2996 858 3064 ipsum
872 2993 942 3048 Ven.
958 2997 983 3051 1.
1000 2997 1025 3050 2.
1044 2995 1139 3050 Μεὼ·

141 3080 234 3114 earam
249 3066 399 3131 excitanti]
419 3084 507 3115 caram
521 3072 653 3115 decertanti
667 3065 725 3120 vit.
740 3093 777 3103 -·
789 3083 880 3115 eoram
893 3066 962 3118 Ven.
980 3069 1007 3120 2.
1021 3066 1088 3118 Tul.

135 3143 161 3182 et
176 3134 355 3200 recusantem]
368 3134 610 3195 recusandumlDr.
624 3135 693 3186 Vens
711 3138 735 3188 1.
752 3137 778 3189 2.
790 3160 826 3172 -
841 3136 879 3185 ad
890 3137 1065 3186 recusandum
1077 3132 1141 3187 Tul.

104 3202 160 3254 Sed
180 3201 327 3268 testificor,
352 3221 391 3253 me
408 3221 425 3252 a
445 3215 471 3252 te
484 3215 608 3273 rogatum
630 3208 664 3254 ad
678 3206 852 3256 recusandum
869 3206 1062 3259 uaaeeseritm
1075 3223 1128 3257 non
1173 3233 1175 3237 v
1236 3223 1238 3226 ⁴

96 3284 201 3321 munem
215 3271 294 3324 Med.
313 3288 370 3323 om:
382 3291 439 3321 esee
451 3271 508 3322 ttit.

139 3340 256 3407 recepti]
274 3343 397 3407 precepti
408 3340 465 3393 Vtt.

175 3409 243 3477 Cap.
262 3415 305 3466 11.
341 3412 385 3464 36.
412 3410 536 3478 sormam
554 3409 613 3479 qut]
639 3409 708 3464 Van.
729 3413 756 3465 2.
774 3409 841 3464 rut.
860 3411 892 3465 L.
911 3408 977 3467 seh.
1001 3413 1053 3467 Or.
1073 3422 1163 3480 soma

104 3495 172 3543 quae
182 3479 253 3530 Van.
269 3482 293 3532 1.
311 3479 466 3536 Med.Eru.
486 3484 510 3533 t.
528 3479 608 3545 prob.
622 3478 738 3532 Ramsh.
748 3481 780 3533 L.
795 3481 831 3532 G.
850 3497 878 3550 p.
888 3480 951 3537 355.
968 3480 1110 3555 formum,
1122 3502 1169 3555 qn·
1227 3487 1238 3508 ¹

104 3546 161 3598 vit.
179 3548 232 3602 Dr.
249 3549 313 3604 Ald.
333 3552 378 3602 Ju.
389 3552 446 3605 -Cr.
465 3548 564 3617 Steph.
584 3548 644 3601 Cic.
660 3550 726 3602 Lex.
741 3551 778 3602 G.
794 3551 827 3604 L.
863 3552 956 3605 Prima
980 3553 1094 3607 dicendi
1115 3554 1231 3609 ratio

104 3624 147 3667 est
158 3616 275 3686 elegans
289 3627 318 3669 et
333 3619 367 3670 ab
379 3620 489 3687 optimo
504 3635 617 3687 quoqne
627 3619 802 3686 scriptorum
813 3620 989 3675 Graecorum
1005 3631 1033 3674 et
1047 3624 1175 3679 Romane
1187 3640 1234 3659 ‘

102 3701 169 3736 rum
177 3697 324 3755 uturpata:
344 3688 435 3742 altera
447 3688 621 3756 astvulgaris
631 3698 659 3740 et
672 3706 688 3739 a
702 3688 824 3740 cultiore
837 3705 968 3743 sermone
976 3709 1069 3761 prope
1080 3695 1173 3747 aliena
1191 3700 1226 3739 Ξ

102 3754 221 3806 tertium
236 3766 333 3810 nutem
346 3774 435 3825 genus
437 3756 578 3825 fhrmam,
598 3760 668 3825 quot
682 3758 839 3809 secundum
849 3759 1062 3814 Germanorum
1076 3764 1227 3834 lingue

102 3839 212 3875 rnorem
227 3834 270 3878 est
282 3827 448 3881 formatum.
475 3826 559 3879 Conf.
576 3829 600 3878 J.
621 3828 645 3881 J.
656 3826 788 3881 Oclrsner
803 3827 841 3880 ad
857 3828 948 3882 cicer.
962 3831 1087 3900 Eclogcs
1103 3851 1133 3905 p.
1144 3836 1216 3891 w.

135 3894 294 3965 χαρακτήρ]
312 3909 435 3947 caracter
447 3896 502 3946 Vit.
977 3946 981 3953 ,

127 3965 717 4105 ttttttrttrt‘tttttrtrtt2·
735 3963 813 4073 l...
827 3965 901 4034 Τὼ

136 4103 241 4170 multa]
267 4105 347 4155 mutto
362 4104 463 4157 Lantb.
662 4102 667 4115 ⁸

57 4216 61 4225 ,
129 4173 221 4238 Attio]
233 4176 320 4228 Actio
330 4175 402 4225 Ven.
411 4178 437 4230 2.
445 4171 511 4225 Tul.
523 4172 650 4224 —Aceio
664 4171 733 4225 Vett.
743 4175 772 4227 1.·
784 4170 859 4225 Vict.
871 4174 946 4226 Crat.
956 4177 1036 4233 Man.
1046 4177 1200 4237 Lama-a

7 4252 27 4287 a
70 4242 133 4299 fite
144 4240 222 4291 altae
238 4245 327 4300 aceio.
349 4244 406 4301 t'tt.
442 4245 490 4301 De
506 4240 652 4314 seriptum
662 4239 695 4293 h.
710 4258 741 4296 n.
757 4240 893 4303 Sohund.
903 4243 927 4299 l.
937 4244 962 4300 l.
977 4248 1078 4316 pitu
1166 4286 1172 4299 .
