2476 4546
252 256 319 324 tn
353 210 861 367 uanaununurun.
927 220 930 229 ’
1051 265 1097 332 si
1187 196 1191 201 ⁵

12 425 131 497 terent,
175 410 464 502 quemadmodum
487 410 594 492 dicas,
628 411 689 477 ubi
711 433 765 476 res
787 423 980 499 spectatur,
1025 436 1100 483 non
1200 470 1202 475 .

15 519 117 608 turba
136 515 353 606 penduntur:
381 513 460 600 quid
483 514 621 579 tandem
642 512 678 576 in
702 512 811 578 causis
833 515 1099 597 existimandum

19 633 77 698 est,
97 616 322 709 quibustotis
343 617 542 683 moderatur
563 615 696 683 oratio?
739 615 844 705 Quod
866 617 1003 703 quidem
1026 639 1099 703 ego,
1121 622 1157 681 52

23 722 129 811 dmte,
165 744 211 789 ex
232 721 299 786 tuis
320 718 429 789 literis
458 719 668 799 sentiebam,
711 741 781 783 non
811 732 849 787 te
873 719 910 785 id
937 720 1101 787 sciscitari

27 827 146 911 qualem
176 845 238 910 ego
264 822 302 889 in
329 821 540 888 inveniendo
559 834 603 913 ⁴et
629 823 666 887 in
700 823 894 889 collocando
924 845 1101 890 summum

9 910 84 994 ''eaae
103 914 275 994 oratorem
296 925 436 1005 vellem,
475 925 534 992 sed
564 926 599 992 id
628 924 715 992 mibi
744 944 909 1013 quaesere
929 927 1102 1004 videbare,

30 1031 102 1118 qaod
122 1052 228 1117 genus
249 1025 358 1115 ipsius
384 1028 548 1096 orationis
578 1029 747 1119 optimum
772 1029 971 1099 iudicarem.
1014 1030 1104 1097 Rem

32 1133 197 1215 difficilem,
220 1130 267 1223 dii
288 1131 511 1197 immortales!
549 1144 653 1218 atque
675 1133 832 1199 omnium
855 1132 1102 1202 difficillimam.

9 1233 103 1305 -dem
119 1260 200 1303 cum
222 1226 401 1300 saturatio
422 1235 533 1300 mollis
556 1248 590 1299 et
612 1249 727 1302 tenera
748 1248 782 1301 et
801 1236 848 1302 ita
866 1236 1041 1319 flexibilis,
1063 1246 1118 1302 ut'

28 1338 173 1428 tequmur
194 1363 412 1428 quocumque
433 1351 614 1426 torqueas:
651 1353 727 1406 tum
758 1352 792 1405 et
820 1351 965 1407 naturae
985 1338 1106 1405 variae

28 1445 258 1510 etvoluntatea
287 1444 438 1510 maltum
466 1442 557 1507 inter
585 1465 621 1508 se
650 1442 807 1508 distantia
835 1427 1024 1509 effecerunt
1043 1462 1107 1528 ge.

25 1562 97 1614 nera
127 1546 275 1612 dicendi.
340 1534 485 1612 Flamen
516 1545 590 1611 aliis
622 1545 811 1613 verborum
840 1545 1103 1634 volubilitasque
1124 1551 1161 1610 ⁵3

21 1649 106 1717 cordi
126 1660 187 1731 est,
208 1648 269 1736 qui
290 1659 422 1739 ponunt
440 1648 476 1712 in
496 1649 847 1735 orationisceleritate
867 1648 1106 1737 eloquentiam.

19 1745 177 1821 Distincta
199 1752 283 1845 alios
305 1764 338 1817 et
361 1752 580 1838 interpuncta
600 1752 800 1832 intervalla,
829 1775 965 1836 morae,
992 1751 1108 1841 respi-

16 1856 229 1942 rationesque
251 1854 432 1921 detectam.
478 1856 572 1944 Quid
594 1867 798 1945 potestesse
819 1869 892 1923 tam
914 1851 1107 1922 diversum?

15 1952 145 2025 Tamen
168 1959 274 2023 estin
296 1972 439 2044 utroque
461 1960 587 2045 aliquid
610 1959 791 2027 excellens.
833 1959 1026 2047 'Elaborant
1047 1955 1107 2022 alii

12 2054 51 2128 in
77 2062 217 2130 lenitate
246 2073 282 2128 et
310 2062 547 2147 aequabilitate
576 2076 611 2127 et
638 2086 727 2150 puro
759 2075 793 2129 et
825 2063 921 2152 quasi
954 2058 1108 2151 quodam
1151 2053 1155 2067 '

12 2166 156 2233 eandida
177 2187 303 2253 genere
320 2163 464 2231 dicendi.
514 2167 604 2232 Ecce
626 2167 731 2252 aliqui
753 2166 938 2238 duritatem
959 2179 994 2235 ot
1012 2182 1109 2229 seve-

10 2294 226 2345 --.b
332 2331 335 2337 .

10 2441 90 2493 toret
109 2437 202 2492 fuisse
224 2434 380 2491 Carneadia
400 2436 613 2493 Clitomachum
639 2449 667 2494 et
685 2440 886 2499 Charmadam.
927 2441 1000 2497 Vide
1017 2458 1107 2514 porro

10 2504 124 2577 Viaton
136 2510 171 2562 V.
183 2507 218 2560 L.
230 2507 347 2568 xxxtt,
359 2507 402 2561 21.

48 2597 93 2635 ree
107 2575 263 2646 spectatur]
278 2588 387 2644 petatur
398 2579 466 2629 Ven.
481 2577 604 2645 1.,Μεᾶ.
622 2581 725 2642 petitur
739 2596 797 2649 mg.
807 2579 880 2636 νΤιιῙ.

80 2647 128 2702 62.
163 2647 235 2716 quod
248 2647 353 2714 quidem
366 2645 434 2714 ego]
454 2663 511 2699 om.
525 2667 573 2716 ego
589 2647 645 2700 Vit.

45 2735 100 2767 non
112 2726 140 2766 te
153 2717 185 2766 ia
198 2714 345 2782 etiae-itari]
363 2716 419 2771 vit.
433 2744 469 2753 -
481 2736 533 2766 non
549 2736 566 2765 o
581 2727 606 2767 te
619 2719 649 2766 iu
660 2719 798 2768 sciscitari
809 2720 913 2773 Ven.2.
925 2718 991 2773 Tul.
1004 2748 1041 2761 -
1056 2739 1109 2773 non

10 2786 80 2837 trid
91 2787 190 2837 scitari
200 2781 303 2834 Ceteri.
323 2786 392 2832 idem
406 2786 504 2835 scitari
521 2786 603 2839 Mon.
622 2785 716 2837 Malui
731 2787 855 2839 scribere
871 2790 1018 2859 macuati,
1040 2792 1107 2861 qnia

11 2854 112 2905 scitari
128 2871 145 2906 a
162 2850 257 2925 poetiq
276 2852 476 2904 tautummodo
494 2864 659 2921 usurpatur.
697 2857 856 2909 Cunctator
878 2867 974 2911 tamen
997 2871 1109 2913 mittere

11 2921 179 2988 lectionem,
201 2920 269 2973 siin
284 2921 415 2989 oratione
429 2923 551 2990 quadam
568 2924 716 2975 Ciceronis
728 2923 785 2976 hoo
800 2927 919 2979 verbnm
934 2940 1110 2998 occurreret,

11 2991 109 3045 ubisit
122 2992 220 3060 poesin
235 2990 364 3059 proxime
376 2991 610 3046 acceditdieendi
623 3009 720 3062 genus.
749 2996 883 3050 Ceterum
895 2999 1111 3069 meliuelegea:
1148 3018 1155 3048 .·

11 3078 66 3112 που
85 3063 118 3113 id
136 3073 163 3113 te
180 3061 333 3124 sciscitari,
353 3061 488 3130 quoniam
503 3082 555 3112 non
570 3061 606 3115 ad
622 3066 653 3114 t'd
667 3072 784 3132 spectat.

50 3130 80 3181 ia
98 3133 255 3196 inveniendo
270 3141 295 3180 et
308 3132 336 3179 in
354 3131 395 3199 e.]
415 3134 569 3183 inveniendo
585 3145 613 3184 et
631 3133 788 3187 collocanda
801 3136 855 3194 Dr.
870 3165 907 3179 -·-
919 3136 1064 3208 amptius
1080 3141 1110 3192 t‘n

12 3196 87 3255 Ven.
107 3202 133 3256 1.
147 3203 173 3255 9„
191 3197 270 3254 Med.
286 3197 352 3251 Tul.

47 3268 220 3329 voluntates,
236 3267 366 3337 multum]
384 3267 537 3321 voluntates
552 3269 653 3322 multoe
666 3272 737 3325 Ven.
757 3276 782 3329 1.
799 3275 881 3328 Med.

85 3337 131 3394 53.
165 3340 297 3392 orationis
320 3338 456 3390 celeritate
474 3338 546 3407 eta]
571 3342 703 3392 orationis
726 3343 854 3395 electione
869 3346 1047 3415 eloquentiam
1068 3349 1109 3401 ‹ti-

14 3407 164 3471 atira-,tame
193 3407 265 3459 aliae
279 3406 348 3459 Ven.
360 3410 388 3463 2.
402 3436 436 3448 -
450 3410 583 3462 arationis
600 3409 738 3464 eeleritate
760 3411 827 3483 eloq.
850 3418 1019 3471 distinctam
1039 3418 1110 3472 aliae

13 3478 198 3546 interpuncta,
218 3478 268 3530 int.
287 3476 353 3531 Tul.

45 3556 74 3596 et
89 3549 261 3615 interpuncta
281 3545 310 3616 i]
334 3563 391 3599 om.
404 3558 431 3598 et
444 3545 516 3600 Ven.
532 3549 557 3602 1.
575 3547 641 3600 Tul.
658 3547 883 3604 L.—Distineta
899 3564 925 3604 et
939 3556 1110 3624 interpuncta
1150 3577 1154 3581 “

14 3614 158 3669 ititemalla
172 3610 337 3684 significant
348 3633 380 3667 ea
393 3632 465 3684 qnae
481 3617 550 3669 alias
562 3616 744 3686 appellantur
764 3621 860 3671 incisa.
1008 3676 1012 3682 ,

25 3726 31 3741 .
45 3684 100 3738 alii
110 3687 138 3751 in
149 3683 276 3752 lenitate]
286 3684 339 3755 ,stc
352 3684 446 3739 Nizol.
461 3686 560 3739 Lamb.
570 3688 654 3740 Grut.
668 3687 728 3740 Ern
751 3688 817 3743 sch.
835 3692 886 3746 Or.
895 3713 995 3753 -om.
1011 3700 1039 3749 ia
1051 3699 1110 3752 Vit.

15 3752 69 3807 Dr.
87 3754 145 3808 Gu.
159 3757 184 3810 1.
197 3755 223 3808 2.
241 3754 311 3809 Ven.
327 3759 352 3812 1.
366 3757 394 3811 2.
413 3754 491 3808 Med.
506 3755 571 3809 Tul.
584 3754 668 3812 Aldd.
682 3757 759 3809 Crat.
776 3760 849 3817 vict.
865 3764 908 3815 Ju.
920 3766 1030 3837 Gryph.
1042 3769 1066 3825 1.
1081 3772 1109 3825 2.

15 3824 98 3879 Man.
105 3823 261 3874 -levitate
271 3836 297 3875 et
306 3825 471 3890 aequalitate
481 3827 550 3889 Ven.
560 3828 585 3881 1.
595 3854 629 3864 -
638 3824 749 3877 levitate
763 3835 990 3901 “aequabilitate
1001 3838 1065 3895 Tut
1072 3865 1110 3880 -··

16 3890 241 3962 laenitateprob.
256 3894 289 3946 L.
315 3895 361 3948 Cf.
376 3896 445 3946 Era.
462 3895 528 3951 Lex.
541 3894 596 3948 Rb.
610 3912 638 3949 v.
651 3893 759 3947 lenitas.
897 3944 912 3951 ,

48 3976 76 4015 et
88 3981 156 4032 puto
172 3974 199 4013 et
215 3966 295 4031 quasi
306 3967 419 4033 qaodm
430 3967 559 4026 candido]
577 3965 625 4018 Sia
638 3963 702 4016 dedi
711 3981 744 4018 ex
751 3967 822 4022 Van.
836 3971 862 4024 1.
876 3970 1109 4044 Med.-etpuro

19 4034 135 4100 metam
147 4043 176 4084 et
194 4034 275 4101 quasi
291 4036 369 4090 eund.
385 4050 415 4103 g.
435 4036 585 4102 lug-1578.
601 4063 637 4077 -
652 4046 677 4083 et
689 4054 755 4102 puro
773 4041 852 4105 quasi
864 4044 978 4108 quodum
993 4055 1018 4093 et
1030 4048 1109 4102 cond.
1181 4068 1185 4077 ·

21 4101 125 4157 cueri.
141 4120 258 4169 -pura
273 4106 361 4154 oratio
380 4101 505 4171 vulgaria
522 4114 565 4157 eet
584 4103 705 4175 locutio,
723 4104 926 4160 alternantem
941 4112 1107 4190 metaphora

20 4173 161 4226 candidum
173 4172 280 4222 dicendi
287 4189 373 4241 genus
387 4172 553 4240 exquisitior
566 4182 621 4231 est.

52 4245 123 4297 Em
140 4239 251 4308 alsam]
269 4261 330 4294 eece
349 4242 403 4296 alii
418 4244 486 4300 Ven.
504 4249 531 4303 1.
548 4246 634 4307 Med.
649 4243 810 4304 albata.
823 4245 1150 4307 Gula-ettamen
