2476 4546
139 256 203 323 100
454 286 458 291 -
488 290 494 297 -
577 239 801 313 ORATOR

140 402 215 493 egit
237 410 271 465 et
298 398 462 477 obstulit,
491 407 532 464 ut
563 396 631 463 iam
661 394 812 477 nescias,
842 395 933 463 abne
960 416 1085 464 verum
1112 390 1155 460 sit
1175 414 1204 459 ιι

140 505 212 571 aire.
255 500 371 591 Quid?
392 499 422 564 si
443 499 544 564 etiam
567 498 708 589 abfugit
727 510 829 585 turpe
848 499 965 565 risum
984 512 1048 579 eet,
1073 509 1109 563 et
1124 494 1204 586 abfer

140 608 340 682 noluerunt,
372 599 477 691 aufer
497 600 717 671 maluerunt?
745 622 831 689 quae
860 602 1067 689 praepositio
1088 611 1204 692 praeter

140 709 226 775 haec
254 704 321 770 duo
350 704 454 769 verba
481 705 577 769 nullo
606 704 672 769 alio
702 704 738 768 in
762 700 867 769 verbo
889 703 1091 792 reperietur.
1133 698 1204 770 Noti

141 818 241 874 erent
258 816 300 871 'et
319 805 404 871 novi
426 817 461 873 et
481 806 581 887 nari,
612 806 734 892 quibus
763 826 841 870 cum
870 805 906 871 in
933 804 1099 895 praeponi
1119 825 1203 890 opor·

139 918 267 994 teret„
287 907 419 974 dulcius
450 907 562 976 risum
592 919 641 972 est
668 907 780 1001 ignoti
810 906 931 1000 ignovi
959 908 1081 998 ignari
1111 905 1201 972 dicero

140 1033 245 1099 quam
264 1020 304 1076 ut
324 1011 450 1077 veritas
468 1009 670 1100 postulabat.
712 1011 770 1078 Ex
790 1034 855 1076 risa
884 1011 1003 1077 dicunt
1023 1020 1057 1074 et
1078 1010 1196 1096 erepa-

141 1114 251 1192 blica,
273 1116 363 1200 quod
385 1113 422 1178 in
444 1115 548 1180 altero
570 1112 694 1178 vocalis
717 1113 921 1202 excipiebat,
950 1112 988 1177 in
1009 1112 1115 1177 altero
1133 1118 1194 1174 estet

140 1214 324 1302 asperitas,
344 1215 412 1281 nisi
442 1215 573 1282 literam
596 1216 799 1315 sustplisses:
829 1227 885 1292 ut,
908 1215 1030 1305 exegit
1046 1226 1083 1303 et
1100 1211 1190 1293 ettrit,

143 1317 309 1407 [refecit,
342 1318 479 1402 retulit,
508 1317 689 1402 reddidit}
747 1318 909 1387 Adiuncti
944 1317 1041 1387 verbi
1075 1317 1189 1406 primam

176 1642 243 1695 abne
259 1663 347 1695 verum
362 1645 418 1713 rit]
435 1664 505 1698 anne
517 1666 604 1699 verum
617 1647 674 1704 Vit.
688 1649 740 1703 Dr.
760 1648 831 1702 Ven.
852 1651 877 1703 1.
893 1648 919 1702 2.
935 1646 1002 1701 Tul.
1022 1674 1056 1685 -
1074 1664 1108 1696 an
1118 1656 1185 1695 nexit

140 1715 233 1764 sitan
250 1716 297 1764 abs
309 1715 387 1769 Med.
401 1744 436 1755 -
450 1735 501 1767 ane
514 1737 602 1768 verum
615 1721 652 1770 rit
665 1739 701 1769 ari
718 1719 754 1775 ab
773 1737 810 1768 an
828 1721 877 1770 aire
891 1716 957 1770 Sch.
974 1717 1030 1769 Sed
1048 1711 1186 1767 haectoris

140 1795 172 1834 ιιι
184 1783 240 1832 iam
260 1787 364 1835 neroirm
380 1787 422 1835 ob
438 1804 470 1836 ne
483 1803 572 1836 veram
595 1790 631 1838 sit
652 1808 689 1840 an
707 1790 767 1839 abs
791 1787 937 1857 pertinent
960 1781 1147 1838 tantummodo
1161 1776 1186 1829 ti

140 1850 341 1905 illustrandum
356 1853 474 1907 tertium
493 1855 653 1923 exemplum
665 1857 787 1914 abstulit.
803 1874 871 1909 nem
892 1856 922 1910 in
944 1856 1045 1908 ceteris
1066 1852 1144 1924 quivis
1157 1848 1186 1898 ir·

140 1921 263 2046 igiligigt,
279 1941 335 1994 quo
350 1923 495 1977 moderes
508 1942 539 1977 se
553 1926 667 1985 habeat.
688 1955 722 1966 -
741 1945 913 1978 andeveram
933 1927 970 1976 eit
993 1937 1024 1976 ut
1039 1927 1081 1977 ait
1102 1923 1131 1974 ab
1142 1916 1186 1970 otiis

173 2008 202 2044 Ur
242 2026 249 2041 ο

178 2075 302 2148 oirfugit]
323 2078 418 2150 afugit
431 2079 489 2133 Vit.
501 2110 537 2124 -
550 2079 652 2150 affligit
666 2083 718 2135 Dr.
732 2087 801 2140 Veri.
813 2083 840 2135 2.
855 2079 921 2133 Tul.
938 2106 974 2118 -
991 2076 1101 2150 aufugit
1110 2073 1185 2139 Vetti·

142 2172 178 2186 ·-
191 2147 257 2217 adfrt
279 2151 291 2200 ι’
303 2150 413 2220 Gryph.
430 2153 456 2205 1.
466 2180 503 2191 -
517 2153 655 2221 aip‘itgites
672 2153 706 2207 L·

179 2168 279 2340 albjprj²
298 2219 369 2286 affer
389 2225 459 2277 Ven.
486 2227 511 2279 1.
529 2223 557 2277 2.
581 2221 646 2276 Tul.
667 2246 703 2297 -j
726 2219 788 2292 effer
808 2220 863 2273 Dr.
883 2246 918 2260 -
935 2230 962 2270 et
985 2217 1048 2290 aser
1066 2219 1109 2271 abi
1121 2213 1187 2267 roto

144 2304 260 2425 rutpufer
268 2326 346 2421 inat]
366 2356 477 2431 aufugit
488 2357 601 2431 etaafer
611 2359 759 2413 maluerunt
771 2330 1023 2428 Sah.··ssaufa„dtes
1030 2369 1056 2409 et
1065 2353 1134 2427 arafa
1142 2345 1185 2403 etti·

143 2426 339 2565 miepleiiitisr]
359 2497 407 2551 Sic
419 2497 477 2552 vit.
493 2500 562 2554 Ven.
577 2503 601 2555 1.
617 2499 696 2554 Med.
713 2497 778 2551 Tul.
799 2498 833 2552 L.
845 2497 909 2550 Vet.
927 2495 1042 2550 Gelliut
1062 2498 1096 2551 N.
1109 2496 1135 2548 A.
1146 2490 1186 2552 Π,

145 2563 173 2618 3.
188 2591 224 2633 .··
237 2568 367 2635 reperitur
379 2570 559 2624 recentiores.
576 2600 608 2611 -
621 2589 689 2638 quae
700 2570 864 2638 praepositio
875 2588 904 2635 p.
917 2565 944 2622 t.
960 2569 986 2623 d.
1001 2586 1025 2620 v.
1039 2587 1064 2623 ιι.
1076 2586 1100 2619 o.
1111 2560 1187 2618 inerit

147 2633 188 2685 sie
202 2647 304 2686 mutata
318 2641 455 2704 reperitur.
472 2640 536 2693 Ald.
553 2643 578 2696 2.
594 2641 632 2693 of.
648 2648 761 2710 praeter
775 2636 864 2692 Gellii
885 2637 985 2688 lorum
1005 2638 1125 2691 Ambros.
1142 2630 1186 2683 Mt·

29 2747 36 2761 ,
147 2704 226 2758 orob.
237 2704 271 2756 de
282 2706 339 2756 diff.
352 2716 380 2759 et
395 2709 492 2767 societ.
506 2709 834 2780 p.2780.Put.-‚‚uhro
844 2708 965 2777 equidem
978 2700 1186 2759 intemeratooerit

145 2776 309 2842 praepositio
323 2796 401 2844 saepe
413 2784 586 2848 corrumpitur
596 2809 632 2821 ·-
648 2781 699 2832 hoe
711 2781 773 2832 item
785 2782 814 2831 iri
831 2775 1022 2850 latiniasero,
1045 2776 1138 2849 ecferet
1151 2786 1187 2821 Μ’

140 2840 226 2913 fugio
241 2857 265 2895 et
282 2845 375 2916 ousero
389 2865 407 2897 a
418 2852 615 2920 praepositione
629 2851 669 2902 ab
687 2862 876 2920 componuntur
887 2862 913 2902 et
928 2852 958 2901 in
966 2849 1011 2902 iiie
1024 2847 1088 2902 ralis
1100 2845 1134 2898 ai
1146 2853 1187 2893 Μ·

147 2925 223 2965 vetur
235 2916 263 2966 in
279 2935 321 2966 au
340 2919 400 2983 (rie
413 2917 487 2990 leg.)
503 2935 612 2974 auctore
624 2923 755 2976 Cicerone.
764 2921 783 2953 “

182 2986 283 3061 navi'et
296 2989 373 3058 nori]
393 3000 419 3039 et
436 2994 528 3058 ignari
542 2994 611 3047 Ven.
626 2994 651 3046 1.
666 3019 700 3031 -
712 2992 776 3043 navi
788 3001 815 3042 et
824 2991 908 3060 gnari
922 2990 976 3043 Dr.

183 3056 290 3124 ignoti,
308 3058 419 3128 ignavi]
439 3071 464 3111 et
476 3063 570 3131 ignavi
580 3060 658 3118 Meti.
673 3064 843 3132 -ignotos,
862 3064 973 3133 ignavos
984 3062 1093 3134 ignarae
1104 3044 1176 3110 Gni-

183 3142 263 3194 quam
277 3128 327 3189 ut]
346 3146 424 3194 quam
440 3141 466 3179 et
482 3134 550 3187 Ven.
572 3134 597 3187 1.

184 3195 364 3267 erepublica]
382 3216 416 3247 ex
428 3217 481 3269 rep.
498 3203 552 3255 Dr.
567 3203 635 3256 Ven.
654 3205 681 3259 1.

185 3264 627 3406 iiiiilliiiiirtairteiriii’diitssiseJtnisi
634 3363 656 3395 x
669 3341 777 3396 literam
790 3338 943 3394 rusrutteses
958 3339 1021 3393 nld.
1029 3342 1056 3395 2·
1175 3392 1180 3409 ,

187 3411 216 3449 ut
228 3404 317 3483 exegit
331 3417 357 3454 et
369 3408 473 3478 edixit]
494 3413 593 3464 Cetera
609 3413 737 3484 exemplo
750 3420 817 3464 sunt
827 3411 1010 3481 interpolate.
1027 3438 1064 3451 -·
1078 3417 1108 3460 at
1124 3403 1188 3468 ‘'di'‘

151 3469 293 3552 ‘'fimi“
312 3473 428 3546 rettulit,
447 3483 563 3532 reddidit
575 3482 704 3543 Med.·-
720 3485 820 3552 exegit,
837 3484 933 3549 edixit,
951 3480 1047 3547 refecit
1057 3466 1189 3530 retaiitrd·

152 3540 358 3621 tlttltluvltrDr.
373 3552 511 3619 -exegit
530 3563 557 3601 et
569 3554 656 3602 edixit
677 3552 771 3613 refecit
792 3551 884 3602 retulit
903 3553 1022 3601 reddidit
1047 3549 1112 3600 Vett.
1133 3544 1154 3600 l·
1167 3558 1189 3577 ¹⁶

69 3652 78 3661 ,
152 3620 242 3690 exegit
256 3611 342 3692 edixit
355 3612 436 3679 refert
448 3619 541 3670 retulit
552 3623 671 3671 reddidit
684 3620 749 3674 Tul.
766 3624 834 3674 Ven.
852 3623 878 3674 2.
898 3648 935 3660 -
953 3620 1043 3688 exegit
1057 3615 1136 3668 edixit
1146 3614 1191 3674 ‘ii‘

151 3689 190 3758 ert
203 3677 301 3758 extriti
315 3681 398 3729 edidit
411 3685 473 3739 Ald.
490 3691 516 3742 2.
532 3690 564 3744 L.
580 3692 659 3744 Man.
672 3691 741 3745 Ero.
750 3690 800 3744 Or.
812 3690 985 3760 Repugnant
998 3687 1090 3741 verbis
1102 3685 1192 3738 ctore-

150 3763 195 3799 ωε
209 3745 277 3798 talla
293 3746 439 3818 uteffecit,
458 3756 564 3811 extulit.
1195 3756 1198 3763 1

186 3819 311 3868 adiuncti
329 3820 402 3870 verl’t'
422 3828 537 3894 primam
558 3827 695 3898 litteram]
724 3831 782 3884 adi.
797 3828 871 3880 veriti
886 3829 915 3879 in
936 3818 1050 3891 primam
1066 3825 1085 3877 l.
1103 3819 1196 3876 tent.

151 3881 215 3967 Tui.
229 3912 264 3925 -
275 3899 306 3937 at
319 3894 424 3960 exegit,
443 3898 544 3962 edixit,
560 3899 660 3950 extulit
677 3900 775 3952 edidit:
795 3910 826 3948 at
846 3900 874 3947 in
895 3895 984 3964 effecit
1004 3895 1126 3947 ndr'uneti
1143 3889 1198 3943 serti

149 3970 239 4033 prima
253 3955 332 4008 litera
342 3965 565 4030 praepositionem
583 3971 753 4018 eommutavit
767 3967 832 4020 sih.
850 3986 886 4006 -ι-
904 3967 1028 4017 adiuncti
1047 3965 1116 4016 verbi
1128 3964 1198 4029 print

150 4019 230 4072 ittera
243 4031 464 4093 praepositionem
477 4039 648 4086 eommutavit
664 4036 796 4088 Schneid.
810 4036 843 4089 L.
861 4036 897 4091 G.
908 4038 933 4091 1.
953 4052 981 4105 p.
995 4034 1055 4090 612.
1076 4060 1113 4073 -
1124 4033 1198 4086 Lorttt

148 4103 231 4171 sentis
247 4104 296 4149 est.
323 4099 487 4154 Commetare
508 4111 550 4154 est
570 4105 648 4157 eliud
672 4106 801 4174 proelio
822 4106 962 4173 occipere,
986 4115 1019 4156 ut
1039 4101 1149 4157 Nonius
1165 4100 1198 4153 eit

147 4155 273 4213 Vertitur
283 4165 314 4246 in
330 4172 475 4248 nonnuliis
490 4175 654 4245 compositis
667 4175 766 4231 ultime
779 4173 997 4245 praepositionis
1012 4174 1107 4226 littero
1119 4173 1151 4224 in
1161 4172 1197 4242 pri

136 4240 217 4282 trem
233 4232 310 4287 rerin
322 4236 463 4301 interim.
486 4243 598 4298 Eodem
609 4243 915 4316 motoetsutespnr.
927 4248 955 4310 1.
963 4246 989 4314 1.
994 4243 1197 4316 &demovet
