2476 4546
96 233 143 299 24
179 280 181 285 ,
461 278 468 287 ,,
531 212 756 295 ORATOR
1078 310 1105 339 0

99 376 303 449 Theodorus
324 372 440 449 'intem
467 370 691 462 praefractior
716 393 781 437 nec
800 370 880 437 satis
906 370 1042 454 (utita
1062 359 1187 459 diesin)-

80 467 288 559 vrotundu'ss
309 476 442 567 primus
455 476 600 565 instituit
620 476 762 571 dilatare
781 472 893 539 verbis
918 485 953 540 et
979 462 1179 541 mollioribus

100 582 254 659 numeria
285 580 424 669 explere
452 576 645 656 sententias]
693 579 734 644 In
763 588 833 663 quo'
860 596 940 641 curn
965 576 1104 644 doceret
1123 598 1209 675 eos,3

102 685 162 775 qui
184 671 310 770 partim
338 682 376 848 ig
398 680 562 755 dicendo,
599 679 725 770 partim
755 680 792 745 in
818 678 996 745 scribendo
1023 678 1213 767 principes-v¹

103 787 310 858 extiterunt,
374 805 471 848 umus
500 784 574 849 eius
601 781 734 849 officina
761 780 877 847 habita
898 781 1108 868 eloquentiae
1128 791 1173 847 est
1199 854 1203 861 ,

45 894 84 954 741
104 891 223 976 ltaque
244 896 284 951 ut
305 905 366 971 ego
374 930 385 967 ,
419 908 498 951 cum
517 908 538 951 a
558 877 681 952 nostro
698 885 829 951 Catone
848 883 1031 965 laudabar,
1060 884 1115 950 vel
1131 905 1174 949 ro·
1207 880 1211 885 ’

103 986 272 1080 prehendi
292 977 350 1053 me
371 1009 392 1053 a
412 987 531 1053 ceteris
549 987 654 1067 facile¹
668 988 829 1077 patiebar,
851 986 898 1052 aio
919 987 1083 1054 Isocrates
1103 984 1173 1053 vids·
1234 985 1238 1038 2¹

36 1095 39 1099 ’
99 1085 165 1160 ’ωε
185 1086 379 1158 testimonio
401 1090 550 1156 Platonis
578 1090 724 1156 aliorum
749 1089 873 1155 iudicia
896 1090 1020 1156 debere
1037 1102 1172 1169 contere

106 1199 204 1262 nere.
246 1194 307 1260 Est
329 1191 421 1257 enim
444 1191 497 1280 (ut
513 1191 589 1275 scis)
611 1192 707 1278 quasi
729 1193 931 1259 inextrema
944 1192 1069 1280 pagina
1082 1192 1173 1259 Phar·
1232 1209 1238 1232 ¹

43 1346 49 1361 .
108 1297 163 1364 dri
184 1294 236 1361 his
256 1293 338 1383 ipsis
353 1295 469 1388 verbis
486 1296 627 1379 loquens
641 1294 807 1387 Socrates.
851 1295 1173 1379 ,indolescensetism
1234 1307 1238 1351 t

65 1408 69 1413 ’
107 1421 240 1484 „nunc‚
261 1421 282 1464 o
302 1394 466 1477 Phaedre,
486 1401 643 1483 Isocrates
665 1407 732 1464 est:
755 1398 814 1462 sed
836 1398 917 1484 quid
939 1399 982 1464 de
1003 1399 1064 1464 illo
1084 1416 1175 1481 augt-
1213 1479 1214 1482 ,
1236 1429 1238 1476 t

110 1526 209 1582 „rer‚
233 1502 328 1567 lubet
348 1500 470 1569 dicere.
506 1497 610 1588 Quid
631 1500 793 1565 tandem?
821 1500 934 1587 inquit
954 1502 1022 1568 ille.
1065 1501 1176 1568 Maiore

110 1604 219 1689 „mihi
239 1601 377 1691 ingenio
399 1601 542 1667 videtur
562 1623 651 1683 esse,
682 1608 790 1687 'quarn
821 1614 860 1696 nt
887 1627 965 1670 oum
988 1602 1176 1670 orationibus

110 1706 255 1796 „Lysiae
277 1698 528 1793 comparetur*
556 1700 735 1769 Praeterea
761 1706 803 1771 ad
824 1707 990 1774 virtutem
1012 1706 1121 1773 maior
1137 1704 1180 1769 in'·

111 1810 246 1893 ‚,doles,
270 1818 312 1874 ut
335 1805 478 1873 minime
498 1804 628 1871 miruni
649 1804 806 1874 futurum
829 1809 891 1892 ait,
915 1811 962 1893 si,
989 1818 1183 1876 cumaeuts

111 1908 354 2001 .,proceaserit,
390 1920 452 1977 aut
478 1906 516 1975 in
536 1906 603 1981 hoc
626 1898 821 1979 orationum
841 1920 988 2000 genere,
1029 1912 1088 1980 cui
1107 1934 1186 1981 nuuc

113 2073 324 2095 nna-na*

148 2172 314 2237 Ήιιοιῐοηιο]
328 2170 377 2226 Sic
388 2171 457 2229 Ero.
465 2171 497 2227 is
510 2169 688 2231 Glare.C..T.
700 2173 771 2226 Em.
778 2172 845 2227 Lex.
854 2170 938 2227 Rhet.
945 2172 981 2232 1..
991 2190 1015 2233 s.
1022 2192 1052 2233 v.
1064 2176 1193 2229 rorantur.
1207 2210 1210 2217 ι

113 2241 181 2297 Scit.
196 2243 248 2295 Or.
262 2267 297 2281 -
311 2242 477 2315 slisurydidss
488 2242 556 2295 libri
573 2260 681 2295 omnes.
691 2271 724 2282 -
740 2246 900 2295 Theodectes
913 2244 990 2297 Non.
1005 2261 1033 2300 v.
1046 2249 1194 2311 roduam,

113 2313 195 2382 prob.
209 2312 344 2366 Grutero.
357 2340 393 2352 -
404 2312 541 2379 Improbe
555 2321 650 2366 autem
664 2314 732 2365 lect.
746 2316 816 2365 Mas.
837 2314 1017 2383 Thucydides,
1039 2316 1110 2385 quia
1122 2316 1197 2371 rhu-

115 2379 229 2450 oydidos
246 2379 322 2432 inter
340 2389 465 2433 oratores
482 2381 594 2435 laudari
611 2399 670 2433 non
687 2391 790 2451 potest.
827 2382 924 2450 Quum
937 2384 1014 2437 enim
1031 2386 1068 2439 de
1081 2402 1132 2454 eo,
1147 2400 1198 2457 quo

113 2452 255 2504 Isocrates
270 2448 406 2516 siturus,
424 2450 569 2505 scribendi
588 2468 691 2521 genere
707 2449 873 2521 quaeritur,
899 2470 965 2505 cum
986 2453 1051 2507 aliis
1071 2454 1123 2507 hie
1137 2472 1200 2509 oss·
1231 2448 1234 2455 ¹

114 2520 225 2573 toribus
239 2519 399 2587 comparari
417 2519 510 2575 debet.
528 2538 597 2575 nam
609 2521 739 2577 historici
758 2520 833 2572 nihil
845 2522 882 2573 ad
894 2523 1054 2576 Isocratem
1074 2525 1201 2579 attinent.

100 2589 168 2642 .Ert
182 2596 281 2642 autem
292 2589 459 2641 Theodorus
475 2590 577 2643 tertius
591 2607 624 2642 ex
646 2590 681 2642 iis
695 2608 765 2661 quos
783 2606 868 2656 supra
881 2593 1081 2646 nominaverat
1095 2595 1212 2649 creeru·

114 2658 286 2728 Infrequens
303 2675 371 2710 vero
387 2658 532 2711 Theodori
550 2674 659 2723 nomen
673 2658 703 2711 in
726 2657 977 2713 celebratissimum
1001 2663 1078 2715 iilud
1091 2662 1205 2733 Thucy·

116 2728 190 2780 didis
201 2727 281 2779 ubire
294 2727 378 2780 facile
391 2736 513 2795 poterat.
544 2729 585 2780 Ac
600 2726 776 2781 Theodectes
784 2746 904 2800 -quoqua
918 2731 1026 2799 Nonii,
1044 2750 1207 2805 quanquam

116 2814 248 2866 perversa
265 2797 306 2851 ibi
326 2806 369 2849 est
384 2797 488 2864 lectio,
513 2797 684 2850 confirmare
700 2797 812 2850 videtur
831 2808 958 2853 nostram
974 2802 1154 2870 opinionem.
1177 2812 1224 2869 ει·

115 2868 173 2920 hoc
194 2866 272 2919 euim
288 2867 406 2919 nomine
431 2866 516 2918 facile
542 2866 683 2920 coniicere
702 2884 869 2936 possumus,
903 2869 1031 2933 Nonium
1050 2870 1210 2943 'sophistam

118 2935 282 3007 quendam,
310 2952 370 2988 non
395 2935 583 3000 historicum,
607 2936 724 2990 laudare
750 2937 888 3005 voluisse,
918 2938 950 2990 in
970 2940 1094 2995 nomine
1117 2952 1211 2997 sutem

118 3006 257 3059 memoria
275 3022 339 3058 esse
359 3005 473 3061 falsum.
509 3006 686 3059 Theodectes
708 3006 785 3058 enim
799 3007 914 3060 auditor
928 3008 987 3061 fuit
998 3010 1167 3067 Aristotelis
1185 3018 1212 3067 st

119 3076 226 3145 politus
240 3074 363 3144 scriptor
383 3083 469 3145 atque
484 3075 604 3143 artifex,
628 3084 661 3126 ut
674 3076 748 3128 infra
760 3075 880 3145 legimus
897 3094 922 3132 c.
937 3079 983 3137 51.
997 3107 1037 3122 -
1049 3081 1106 3136 Da
1120 3082 1214 3138 Theo·

120 3146 190 3201 doro
204 3162 231 3196 ν.
242 3144 305 3207 ¹Cic.
319 3144 399 3196 Brut.
414 3161 439 3200 o.
455 3146 496 3199 12.
522 3144 590 3213 Qut.
602 3144 655 3210 ΙΙΙ,
672 3147 698 3209 1,
713 3147 755 3200 11.

189 3214 233 3268 41.
259 3212 352 3285 facile
361 3214 503 3281 patiebar]
524 3230 582 3267 cm.
590 3212 685 3286 facile
698 3214 756 3267 Vit.

155 3284 281 3350 iudicia]
299 3284 400 3335 iudicio
419 3282 490 3339 Van.
502 3286 532 3339 2.

154 3352 564 3490 atttt.istt}?ii.⁰.¹¹a.n

156 3490 265 3560 loquens
276 3490 407 3558 Socrates]
423 3495 559 3542 Isocrates
564 3491 617 3545 Dr.
631 3516 653 3525 -
666 3490 801 3559 „Rariori
814 3508 918 3558 errore,
932 3504 998 3545 cum
1006 3498 1176 3555 contrariu·
1184 3498 1218 3553 tii

119 3558 404 3631 frequentissimusin
413 3560 502 3614 Codd.
510 3562 530 3594 “
552 3562 628 3614 Haec
637 3560 732 3630 Spald.
740 3563 776 3616 ad
786 3565 853 3634 Qut.
863 3565 902 3629 Ii,
913 3566 955 3629 15,
964 3567 1007 3621 10.
1025 3565 1065 3619 of.
1074 3568 1133 3623 inf.
1142 3568 1219 3640 §.42

158 3631 224 3696 quid
238 3631 270 3678 de
282 3627 331 3681 illo
346 3628 477 3699 augurer]
495 3631 559 3698 quid
567 3630 620 3710 'ille
635 3633 669 3684 de
687 3631 823 3703 illoiVen.
840 3637 867 3689 1.
884 3632 964 3688 Med.
977 3662 1014 3675 -
1028 3639 1100 3706 quid
1115 3642 1177 3712 ipss
1191 3642 1220 3693 tis

124 3699 172 3751 illo
186 3699 263 3750 Junt.
279 3700 305 3752 1.
322 3700 349 3752 2.
364 3727 398 3737 -
410 3716 526 3768 augurer
539 3701 596 3753 Vrt.

160 3769 224 3836 quid
237 3766 357 3835 tandem]
384 3780 473 3818 tamen
488 3770 571 3823 Mon.

153 3856 211 3889 eum
221 3836 396 3905 orationibus]
405 3836 536 3889 similiter
543 3840 568 3906 ἕ.
577 3841 620 3893 68.
627 3868 659 3881 -
666 3850 829 3909 „egestatem
839 3843 922 3893 etium
929 3842 955 3893 sa'
962 3846 1221 3919 qucmndamgms·

123 3908 168 3959 dia
176 3917 201 3956 et
210 3916 306 3957 ornata
319 3923 372 3956 vox
383 3918 422 3955 est
436 3920 589 3972 poetarum,
608 3923 697 3963 rumen
709 3914 745 3961 irs
763 3929 801 3962 aa
819 3931 878 3963 cum
897 3914 1035 3963 licentium
1049 3926 1149 3971 statuo
1163 3937 1222 3971 nsa-

52 4004 56 4011 -
124 3979 204 4027 iorem
219 3993 274 4025 esse
289 3993 366 4043 quum
382 3977 411 4026 in
426 3977 555 4027 uobis.“
571 3979 633 4034 230.
651 3983 739 4047 „Sunt
755 3983 835 4033 stium
849 3982 896 4051 qui
906 3983 979 4032 -in
986 4000 1074 4052 genus
1088 3989 1222 4041 abiman

123 4047 256 4111 incidunt,
275 4043 423 4095 Siculorum
436 4043 629 4099 simillimum.“
645 4050 669 4118 ᾗ.
679 4048 936 4119 39.-„primisqus
952 4052 987 4101 ab
1002 4051 1223 4113 hishistoris

127 4125 257 4163 commotu
272 4125 324 4180 est,
350 4125 381 4163 ut
404 4116 514 4164 auderet
531 4116 638 4169 uberius
662 4137 741 4186 quam
765 4122 963 4188 superiorsa
983 4131 1011 4171 et
1028 4131 1161 4179 amarius
1179 4128 1223 4177 di·

124 4183 212 4233 κτῶ(
230 4181 433 4251 oppositiones
444 4199 505 4236 non
512 4199 626 4256 semper
633 4186 671 4241 ed
679 4189 816 4245 amussim
829 4204 891 4244 esse
902 4199 1025 4260 exactas,
1043 4190 1148 4253 docuit
1159 4196 1231 4253 Pon.
