2476 4546
236 281 246 297 .
286 238 357 308 nn
391 220 620 307 unacurt
655 238 891 308 snurnu.
1028 222 1033 229 ’
1074 251 1139 315 ns

50 406 120 464 tum
156 393 326 463 ambitum
361 392 437 461 tuni
465 392 645 463 circuitum
675 404 751 460 tum
787 378 1137 485 'comp'r'elrensionem

50 512 107 566 aut
132 498 425 565 continuationem
446 496 873 584 aut‘ttrcumscriprionem
898 497 1063 577 dicimus,
1091 524 1139 566 an

52 600 86 669 in
104 600 282 692 principiis
301 601 431 683 solum,
453 621 497 665 an
518 597 555 662 in
570 600 747 680 extremis,
768 622 814 673 an
826 598 864 663 in
876 602 1023 688 utraque
1040 602 1138 688 purte

57 727 211 770 numerus
232 703 397 773 tenendus
417 704 484 770 sit.·
517 701 650 766 Deinde
669 701 860 766 cum-aliud
884 704 1042 770 videatur
1064 728 1137 770 esse

60 824 215 871 numerus
238 805 330 885 aliud
353 810 590 883 numerosum,
624 803 705 889 quid
728 804 884 870 intersit·
904 808 996 871 Turn
1019 804 1202 873 aeternius

64 907 93 975 in
110 908 313 974 omnibusne
340 908 492 987 numeria
523 906 707 990 aequaliter
736 907 919 991 particulas
940 909 1057 974 deceat
1078 911 1138 974 in-

66 1010 179 1099 cidere,
207 1034 252 1076 an
275 1011 387 1075 facere
407 1010 488 1076 alias
514 1008 689 1090 breuiores
711 1008 792 1091 alias
816 1008 1004 1096 longiores,
1035 1014 1138 1098 idque

68 1111 188 1199 quando
209 1124 270 1177 aut
292 1134 366 1186 cur3
389 1113 578 1199 quibusque
595 1112 764 1196 partibus,
786 1111 983 1197 pluribusne
997 1136 1042 1178 an
1065 1114 1138 1177 sin-

70 1213 365 1302 gulis,·imparibus
387 1237 432 1279 an
454 1213 665 1300 aequalibus3
695 1224 728 1277 et
751 1216 883 1298 quando
904 1227 964 1280 ant
985 1214 1056 1280 istis
1078 1227 1140 1280 aut

70 1317 121 1383 illis
137 1318 178 1383 sit
198 1317 382 1398 utendum;
403 1339 558 1403 quaeque
580 1315 669 1380 inter
691 1338 726 1380 se
741 1315 913 1404 aptissime
930 1317 1139 1382 collocentur

71 1430 100 1485 ‘et
115 1420 299 1506 quomodo,
335 1441 381 1509 an
406 1418 548 1483 omnino
569 1419 664 1483 nulla
685 1418 728 1483 sit
748 1419 784 1483 in
802 1441 847 1493 eo
869 1441 992 1506 genere
1015 1420 1140 1484 distin·

72 1520 139 1605 etio,
170 1522 330 1610 quodque
359 1521 401 1586 ad
431 1544 506 1586 rem
535 1521 684 1585 maxime
714 1521 879 1608 pertinet,
918 1545 986 1610 qna
1007 1522 1141 1588 ratione

73 1643 232 1689 numerosa
258 1623 321 1693 fiat
340 1622 464 1698 oratio.
528 1623 782 1710 Explicandum
808 1636 857 1689 est
887 1625 1007 1702 etiam,
1047 1625 1206 1689 undeees

74 1736 130 1790 ona
149 1727 193 1803 sit
214 1725 327 1793 forma
341 1727 541 1805 verborum,
570 1726 834 1810 dicendumque,
856 1716 997 1812 quantos
1020 1726 1142 1791 circui·

74 1834 115 1891 lus
131 1818 243 1893 facere
259 1830 404 1907 deceat,
436 1831 543 1914 deque
571 1850 691 1893 eorum
723 1828 897 1915 particulis
921 1841 955 1894 et
976 1840 1140 1917 tanquam

73 1923 271 1997 incisionibus
279 1926 588 2003 'disserendurnest
603 1932 916 2017 quaerendumque,
931 1943 1047 1996 utrum
1073 1954 1142 1996 una

73 2032 180 2115 speeies
201 2045 237 2099 et
257 2033 434 2118 longitudo
454 2032 498 2099 sit
519 2055 635 2098 earum
658 2056 748 2098 anne
770 2035 902 2124 plnres,
934 2046 986 2116 et,
1013 2035 1041 2099 si
1065 2035 1143 2122 plu-

72 2152 131 2221 m,
158 2158 225 2224 que
249 2135 328 2203 leco
357 2147 417 2202 aut
443 2135 580 2220 quando
602 2156 738 2222 quoque
758 2159 883 2224 genere
906 2136 953 2201 uti
976 2146 1142 2226 oporteat.

71 2232 230 2306 Postremo
263 2235 368 2304 totius
399 2236 532 2323 generis
562 2239 688 2303 utilitas
719 2239 918 2326 explicanda
951 2251 1019 2318 est,
1056 2254 1144 2322 quae

71 2338 195 2423 quidem
219 2350 311 2427 patet
339 2338 458 2405 latius.-
499 2362 570 2405 non
591 2340 634 2405 ad
657 2362 761 2407 unam
784 2341 875 2408 enim
897 2362 971 2409 rem
995 2340 1144 2427 aliquem

67 2440 118 2509 ut
136 2441 179 2510 ad
201 2446 319 2531 plures
340 2441 632 2509 accommodatur.

141 2545 187 2615 At
207 2545 286 2612 licet
306 2567 379 2612 non
399 2543 443 2610 ad
464 2544 610 2632 singulas
636 2565 690 2609 res
718 2545 975 2632 respondentem
998 2544 1040 2611 de
1061 2537 1142 2610 uni-
1158 2557 1210 2614 207

66 2664 160 2717 verto
179 2667 303 2736 genere
323 2647 371 2713 sio
402 2646 535 2728 dicere,
564 2658 604 2712 ut
625 2647 726 2716 etiam
749 2649 887 2733 singulis
907 2649 986 2716 satis
1007 2670 1147 2736 respon-

60 2773 139 2819 sum
160 2772 232 2819 esse
258 2748 424 2819 videatur.
483 2747 634 2816 Remotis
661 2749 766 2837 igitur
796 2751 938 2839 reliquis
966 2752 1146 2841 generibus

63 2926 273 2951 bu--n—

64 3063 138 3116 riedo
148 3060 271 3133 plurime
280 3061 393 3115 nemina
407 3062 456 3113 dat
470 3060 577 3129 Cicero,
595 3062 737 3130 ambitum,
760 3062 918 3132 circuitum,
941 3059 1150 3132 comprehendo·

63 3142 138 3197 m,
156 3133 399 3199 continuationem,
417 3131 712 3196 circumaerlptionem.“
1041 3132 1043 3136 ⁴

96 3220 134 3254 aa
145 3204 176 3255 in
192 3200 341 3271 extremm}
355 3211 404 3252 aut
418 3201 447 3253 in
463 3219 486 3255 s.
502 3199 568 3254 Sub.
582 3203 609 3256 l.

96 3270 242 3341 videatur]
259 3271 366 3323 videtur
375 3271 429 3325 Dr.
756 3284 759 3289 ·

127 3341 194 3401 205.
230 3338 399 3408 aequaliter]
416 3338 594 3408 aequabiliter
605 3336 639 3394 L.
649 3334 735 3394 'Mani

50 3436 63 3449 ··
90 3406 228 3481 ¹pertinet]
240 3410 380 3478 „pertineat
395 3409 465 3463 Ven.
478 3411 505 3463 2.
520 3408 586 3461 Tul.

94 3478 287 3549 explicandum
304 3488 351 3599 ml
367 3479 470 3543 etiem]
488 3477 536 3530 Sic
552 3476 871 3548 Mon-explicandum
894 3479 978 3531 etiam
994 3487 1033 3530 est
1048 3474 1151 3529 Ceteri.

124 3549 195 3605 -206,
250 3549 338 3599 articu
351 3549 393 3611 ia]
429 3549 533 3599 artibus
550 3549 604 3602 Dr.
788 3558 791 3564 '

94 3567 278 3673 diemeudiim
294 3616 351 3686 m]
372 3567 431 3668 oni.
452 3629 492 3668 ert
508 3617 661 3689 mg.1578.
710 3652 713 3657 -
735 3650 739 3659 =
816 3612 819 3619 ¹

93 3705 152 3741 una
167 3683 283 3756 species]
300 3704 360 3754 epea
374 3686 429 3740 Dr.

94 3755 155 3826 n't]
175 3772 235 3810 om.
245 3758 319 3812 ren.
331 3757 359 3811 2.

95 3845 169 3878 anne
182 3824 349 3961 plures]]on
363 3831 453 3946 ρῖιιζαεε
467 3823 525 3880 vit.
538 3841 627 3944 -Den
642 3841 670 3875 re
681 3829 771 3893 plures
784 3824 837 3878 Dr.
1203 3830 1215 3866 t

132 3913 180 3946 na
213 3911 294 3946 unam
332 3913 414 3947 nent
455 3913 536 3945 unum
591 3911 613 3944 r.
841 3906 844 3911 ’

93 3916 200 4019 ”⁰202
237 3974 268 4014 et
281 3962 362 4033 lieet]
381 3963 428 4017 sie
442 3963 538 4034 recepi
562 3980 578 4015 a
606 3963 658 4015 Dr.
679 3962 776 4015 Multa
799 3960 913 4032 quidem
935 3968 1049 4015 suntet
1071 3959 1157 4026 varia,

59 4032 226 4102 dequibus
240 4029 437 4100 disputantem
451 4032 504 4086 sit:
523 4039 627 4084 utnon
642 4029 677 4085 ad
685 4031 797 4101 singule
805 4031 994 4100 respondebo,
1002 4030 1052 4083 sed
1066 4039 1159 4084 totum

59 4101 316 4170 eomprehendam
330 4119 436 4224 qenes,
459 4105 501 4155 ite
518 4110 615 4164 tamen
633 4111 665 4155 nt
677 4103 764 4157 etiam
777 4102 897 4174 singulis
912 4102 979 4158 satis
991 4116 1160 4173 responsum

81 4174 214 4229 ineatur.
230 4197 265 4213 -
283 4188 317 4223 ue
352 4175 404 4224 icet
426 4173 531 4226 Ceteri.

59 4196 77 4233 v
102 4240 327 4309 associamur]
346 4260 404 4297 om.
419 4263 474 4295 esse
488 4244 558 4301 Ven.
573 4244 599 4298 1.
612 4239 694 4296 Med.
