2476 4544
255 225 326 293 An
360 221 592 291 unacum
625 218 855 296 aaaron
895 240 898 247 ·
1041 166 1104 290 'es
1186 180 1188 187 ’

24 380 89 450 lum
102 379 140 447 in
157 372 392 447 dissimillimis
413 370 566 466 personis
583 375 854 457 satisfaciebant,
889 398 970 441 oum
989 384 1107 442 tamen

29 486 137 565 insuia
163 493 403 565 versarentur,
439 480 499 546 sed
519 491 553 545 et
573 481 774 545 comoedum
805 478 842 543 in
862 479 1043 566 tragoediis
1072 488 1108 543 et
1175 496 1178 505 ¹

32 586 219 675 tragoedum
250 588 287 653 in
321 581 506 651 bomoediis
539 582 730 648 ‘admodum
773 582 907 670 placere
948 581 1106 646 vidimus.
1203 672 1205 677 Ι

36 688 96 775 ligo
113 711 185 754 uon
212 687 412 754 elaborem?
464 685 552 750 Cum
576 684 652 750 dico
673 707 752 766 mc,-
783 695 835 763 te,
862 686 982 757 Brute,
1020 683 1107 749 dico.
1120 687 1173 742 11⁰

38 790 108 861 llam
121 791 157 855 in
173 811 229 855 me
243 790 383 879 quidem
400 788 603 877 iampridem
623 787 783 853 effectum
802 790 869 866 est,
895 784 985 870 quod
1010 787 1110 850 futu-

41 916 103 961 rum
116 891 194 963 tuit.
252 896 308 960 Tu
326 904 441 958 autem
466 892 587 957 eodem
605 890 707 955 modo
734 911 853 955 omnes
872 912 987 955 causas
1010 887 1109 976 ages'i

43 1008 88 1063 tut
104 995 238 1082 aliquod
261 1017 439 1084 causarum
463 1015 570 1080 genus
596 992 815 1083 repudiabis?
850 1005 911 1057 aut
930 992 967 1059 in
987 992 1112 1057 iisdem

21 1110 27 1129 '
45 1100 131 1167 nnus
148 1109 352 1189 perpetuum
370 1109 403 1164 et
426 1098 573 1164 eundem
597 1098 755 1185 spiritum
778 1095 852 1162 sine
866 1096 938 1161 nlla
951 1114 1112 1161 commu·

45 1200 152 1269 idione
172 1200 369 1271 obtinebis?
427 1201 677 1269 Demosthenes
692 1198 847 1286 quidem,
882 1196 981 1264 onius
1001 1217 1116 1282 nuper
1147 1228 1153 1239 ·

47 1301 118 1371 iuter
138 1302 304 1391 imagines
320 1314 394 1369 tuas
409 1329 449 1371 ac
467 1316 625 1384 tuorum,
662 1302 765 1391 (quod
789 1325 868 1367 eum
891 1301 994 1366 oredo
1015 1322 1117 1367 ama-

48 1410 96 1489 ret)
114 1429 193 1472 cum
217 1407 262 1469 ad
281 1418 315 1471 to
335 1408 373 1473 in
397 1408 631 1473 Tusculanum
651 1407 833 1483 venissem,
861 1405 1046 1492 imaginem
1070 1423 1116 1468 ex

48 1530 109 1579 tere
121 1508 209 1589 vidi,
230 1505 316 1577 nihil
338 1504 464 1597 Lysiae
476 1508 665 1587 subtilitate
685 1510 792 1589 cedit,
817 1509 903 1575 nihil
923 1507 1064 1594 argutiis
1080 1515 1115 1571 et

50 1611 185 1678 acumine
207 1610 393 1701 Hyperidi,
427 1612 513 1679 nihil
530 1614 686 1679 laevitate
707 1612 864 1683 Aeschini
887 1623 922 1677 et
935 1609 1115 1698 splendore
1143 1644 1146 1651 ·

10 1766 12 1775 .
52 1714 225 1783 verborum.
266 1713 397 1779 Multae
419 1710 501 1780 sunt
518 1713 591 1781 eius
613 1725 705 1782 totae
724 1712 1053 1782 orationes'subtiles
1075 1720 1112 1776 ut
1126 1713 1179 1770 111

52 1828 148 1885 turba
181 1817 379 1905 Leptinemz
423 1819 553 1883 multae
582 1830 675 1885 totae
710 1840 831 1901 graves
870 1830 913 1882 ut
949 1813 1116 1903 quaedam
1215 1812 1220 1821 '

10 1916 16 1969 ²·
52 1918 255 2009 Philippicae:
299 1920 430 1987 multae
462 1921 581 1987 variae
606 1934 648 1989 ut
677 1934 796 1989 contra
821 1920 1023 1989 Aeschinem
1053 1914 1118 1981 fat·
1219 1940 1222 1945 ·

10 2020 21 2109 '‚
50 2044 114 2105 aaa,
133 2021 332 2107 legationis,
356 2034 529 2090 utcontra
549 2024 697 2090 eundem
717 2046 781 2113 pro
798 2045 899 2090 causa
914 2020 1119 2109 Ctesiphon-

10 2128 14 2195 Ξ
56 2122 100 2189 tia.
149 2128 222 2193 Iam
264 2123 353 2193 illud
384 2123 537 2193 medium
569 2126 701 2215 quoties
736 2127 815 2195 vult
847 2123 988 2215 arripit,
1037 2132 1120 2188 eta

10 2395 27 2433 ¹⁵³
85 2402 187 2466 paeonis
201 2398 325 2462 satisfac.
369 2400 559 2453 darsrmtlbrmra
568 2399 719 2472 sariebant
731 2404 794 2458 Vei.
836 2440 840 2447 ·

10 2438 26 2525 b
88 2474 124 2517 ret
135 2482 158 2519 et
171 2472 320 2522 comoedum
358 2487 415 2524 om.
431 2482 457 2522 et
472 2474 525 2523 Dr.

10 2531 17 2597 ζ
88 2537 202 2607 atinus]
220 2538 277 2593 Vit.
289 2539 359 2591 Ven.
376 2542 401 2594 1.
414 2541 442 2594 2.
459 2539 539 2594 Med.
552 2539 617 2596 Tul.
630 2540 715 2611 Aldd.
727 2543 773 2597 Ju.
788 2538 862 2596 Vici.
873 2540 919 2596 M.
928 2538 962 2596 L.
970 2540 1042 2596 Em.
1056 2537 1123 2595 Sch.

10 2654 20 2667 ,.
36 2652 44 2661 .
63 2594 106 2658 02.
117 2610 268 2660 -oidemue
286 2608 338 2662 Dr.
355 2608 440 2662 Grat.

10 2670 12 2703 ³
119 2675 168 2729 110.
201 2677 351 2745 elaborem]
368 2670 531 2730 elaborarem
543 2679 614 2733 Veri.
631 2683 660 2737 2.
679 2679 746 2733 Tul·
762 2678 860 2750 steph.

10 2796 12 2801 ,
94 2739 144 2791 ibera
156 2747 211 2797 dico
227 2745 283 2814 me]
302 2766 343 2799 me
358 2766 437 2815 quum
450 2751 510 2800 dico
527 2750 583 2803 Gu.
599 2750 626 2804 3.
645 2749 711 2805 Sch.
726 2754 751 2806 1.

10 2856 13 2863 .
92 2804 192 2871 ‘fftetran
211 2817 273 2884 eet]
303 2816 384 2869 Brut.
406 2834 431 2871 o.
445 2820 645 2887 {lb-„quum
666 2832 755 2870 autem
772 2837 841 2871 enno
860 2828 920 2886 poet
937 2838 952 2870 e
969 2815 1068 2870 Sicilia
1083 2835 1124 2867 me

10 2922 16 2935 .
63 2879 206 2950 mittem,
223 2887 279 2935 iam
291 2887 433 2936 videbatur
446 2887 518 2937 iliud
529 2891 557 2939 in
569 2906 626 2954 me,
645 2890 780 2958 quicquid*
792 2901 877 2951 erret,
902 2886 1124 2959 comperfectum,

63 2942 179 3002 aleten
190 2956 374 3004 maturitatem
388 2958 645 3022 quandamsuam.“
740 3002 743 3007 .

10 3044 13 3095 2
94 3020 119 3061 ¹¹⁸
128 3020 226 3093 satem]
244 3036 274 3075 tu
289 3035 337 3073 aut
347 3024 426 3075 Man.
440 3050 475 3065 -·
489 3038 520 3076 tu
533 3039 622 3077 eutem
636 3028 663 3076 si
676 3028 765 3078 eodem
775 3030 840 3083 Ver.

10 3142 12 3153 ,
92 3090 163 3160 fetri
177 3105 223 3142 aut
236 3091 427 3159 repudiabiei]
445 3097 508 3162 agis
518 3107 550 3144 ut
563 3098 714 3164 repudiaris
730 3096 785 3151 Gu,
796 3097 823 3152 3.

93 3164 116 3199 ru
126 3154 219 3230 iisdem]
239 3163 336 3213 eisdem
348 3180 372 3213 e.
391 3178 447 3215 om.
464 3166 492 3214 in
505 3164 560 3221 Gn.
574 3165 601 3219 3.

93 3228 115 3267 ⁶
125 3230 236 3300 amm]
254 3246 312 3284 om.
325 3242 351 3281 et
363 3231 426 3284 Sch·
442 3234 469 3287 2.

94 3286 262 3351 ”masteces
276 3301 399 3369 quidem]
417 3317 475 3352 om.
490 3302 596 3369 quidem
609 3306 678 3358 Vett.
691 3307 717 3359 1.
735 3302 819 3357 Med.

10 3386 14 3409 .·
94 3362 176 3435 eferio]
190 3371 280 3421 erebro
296 3370 378 3423 Mon.
395 3369 433 3422 of.
448 3370 529 3425 Brut.
548 3388 574 3425 o.
585 3372 630 3430 93.
649 3378 743 3440 neto,
762 3374 832 3443 quod
843 3374 944 3426 videret
956 3380 1011 3427 eto.

10 3436 14 3443 '
95 3428 244 3508 callidiore]
263 3439 412 3492 subtilitati
425 3440 479 3505 Dr.

11 3514 26 3551 :-
94 3499 165 3572 mm]
180 3506 220 3560 bibl
242 3508 297 3562 Gu·
311 3505 337 3564 8·
352 3517 405 3561 ber·

11 3606 23 3617 --
76 3580 80 3589 '
96 3576 214 3646 mutae]
234 3580 353 3629 ueremini
364 3579 416 3633 Dr.
431 3580 503 3633 ven.
518 3583 543 3635 1·
554 3584 582 3637 2.
597 3579 663 3637 Tul.
700 3624 703 3629 .

94 3636 206 3709 Hyperia
246 3649 390 3729 Hyperidis
406 3649 458 3701 Dr.
473 3651 544 3703 Ven.
563 3654 587 3705 1.
604 3652 630 3705 2.
650 3648 728 3705 Med.
740 3648 806 3707 Tul.

95 3701 206 3765 iteritute
249 3715 295 3768 Sto
316 3716 426 3784 scripsi.
451 3717 561 3770 levitate
580 3722 712 3770 Aeschini
729 3720 799 3775 Ven.
815 3723 842 3776 2.
869 3720 1130 3775 lenitati'Aeet-biuis

71 3770 125 3835 itt.
140 3783 162 3837 1.
183 3783 297 3837 ienitate
323 3787 417 3839 Ceteri
440 3804 547 3842 omnes.
588 3789 655 3840 Non
680 3790 814 3842 convenit
835 3790 967 3843 Aeschini
986 3789 1131 3858 peculiare

69 3862 153 3902 nomeu
174 3852 247 3905 lenis
263 3856 400 3907 oratorie:
431 3873 499 3908 nem
521 3855 768 3909 vehementissime
787 3876 869 3930 saepe
888 3860 1024 3929 loquitur.
1073 3858 1131 3912 Sed

68 3917 209 3973 laevitatem
221 3922 265 3974 illi
279 3924 459 3992 potissimum
474 3937 502 3978 et
517 3927 697 3995 splendorem
711 3928 864 3981 verborum
878 3926 1040 3982 tribuimus.

120 3992 175 4048 lii·
210 3991 311 4044 multae
322 3998 415 4066 torae]
432 3996 486 4047 Dr.
495 3998 574 4052 Man.
584 3997 669 4049 Grut.
680 3996 746 4051 Sch.
763 3998 814 4052 Or.
832 3997 973 4048 multaret
987 4009 1062 4048 rotae
1075 3997 1132 4054 trit.

62 4062 133 4119 ”⁰³²
148 4062 210 4114 vet·
234 4062 317 4118 ΑΜ·
337 4064 381 4116 Ju,
407 4066 456 4119 Cr·
476 4067 551 4123 vict.
572 4065 670 4118 multae
688 4078 750 4118 sunt
764 4079 789 4117 et
806 4080 879 4119 totae
897 4067 964 4119 Ven.
981 4069 1006 4121 1.
1019 4068 1046 4122 2.
1063 4067 1132 4124 Tul,

60 4131 145 4189 auitae
158 4142 219 4182 eunt
234 4142 309 4184 totae
320 4132 399 4186 Med:
871 4142 874 4149 ·

86 4199 195 4277 parties]
215 4203 334 4269 quotieas
350 4202 408 4254 Vit.
