2476 4546
320 277 393 346 Ao
430 271 660 344 unacurt
695 262 931 349 ruuruu.
1149 285 1171 347 s

10 504 14 513 ,
69 437 209 504 sionem
225 432 405 511 doctorum
421 441 522 518 atque
534 430 765 516 prudentium.
810 429 904 518 Quid
922 430 1011 495 enim
1029 442 1077 497 est
1093 454 1171 500 ma·
1191 445 1211 498 2

10 522 33 621 ’ξ’
67 540 142 618 ius,
170 558 295 623 quam,
317 556 395 598 oum
410 544 503 599 tanta
516 532 558 597 sit
569 533 661 598 inter
675 544 827 598 oratores
841 534 947 598 bonos
961 532 1171 599 dissimilitu-

10 636 27 653 ²
68 642 135 723 do,
160 637 330 716 iudicare,
352 656 439 723 quae
461 635 502 700 sit
523 636 652 723 optima
672 636 799 724 species
822 647 856 700 et
880 635 975 721 quasi
991 634 1097 719 figura
1116 639 1171 703 di·
1215 632 1219 641 ¹

70 739 203 808 cendi?
249 738 349 827 Quod
367 737 528 825 quoniam
546 760 602 802 me
618 735 749 825 saepius
764 757 871 821 rogas,
894 738 1077 824 aggrediar,
1099 764 1170 805 non

69 856 146 912 tam
172 840 375 932 perficiundi
395 862 457 927 spe
477 860 581 924 quam
605 840 807 926 experiundi
834 841 1023 906 voluntate.
1072 842 1166 908 Malo
1227 862 1229 867 ’

10 942 17 1017 i
71 947 189 1026 enim,
213 968 289 1013 eum
303 939 414 1005 studio
429 950 488 1003 tuo
500 940 564 1004 sim
582 938 773 1025 obsecutus,
797 943 980 1011 desiderari
995 966 1015 1008 a
1033 953 1066 1008 te
1078 966 1167 1030 pru·

10 1020 29 1097 i*
71 1049 227 1116 dentiam
244 1032 355 1111 meam
371 1063 490 1127 quam,
513 1044 541 1105 si
555 1041 591 1108 id
608 1066 678 1108 non
692 1042 848 1128 fecerim,
870 1046 1144 1113 benivolentiam.

163 1147 312 1239 Quaeris
331 1143 436 1232 igitur
463 1141 568 1228 idque
587 1141 656 1209 iam
678 1148 824 1236 saepius,
847 1150 938 1235 quod
961 1148 1168 1232 eloquentiae
1188 1158 1207 1217 3

74 1276 183 1343 genus
201 1250 343 1338 probem
362 1245 526 1326 maxime,
550 1257 584 1311 et
604 1247 703 1335 quale
717 1249 801 1317 mihi
815 1252 971 1347 rideatur
986 1250 1088 1331 iliud,
1111 1252 1166 1319 cui

10 1356 24 1413 ἱ
74 1356 163 1441 nihil
183 1354 263 1420 addi
284 1349 406 1439 possit,
429 1347 517 1435 quod
541 1369 601 1433 ego
620 1374 796 1418 summum
821 1366 855 1419 et
879 1352 1165 1442 perfectissimum

10 1428 25 1553 ἱ
76 1458 237 1523 iudicem.
295 1448 334 1545 [ri
356 1476 424 1539 quo
445 1456 590 1532 vereor,
616 1476 679 1535 ue,
709 1455 738 1519 si
763 1456 796 1519 id
821 1456 985 1541 quodvis
1010 1456 1164 1533 effecero,

10 1554 35 1639 ξ’
79 1582 225 1645 eumque
244 1566 412 1623 oratorem
436 1576 539 1639 quem
558 1555 690 1640 quaeris
704 1579 917 1645 expressero,
939 1557 1071 1622 tardem
1090 1571 1164 1624 stu-

10 1644 38 1741 Ε-
80 1661 132 1727 dia
156 1660 363 1740 multorum,
384 1657 443 1744 qui
464 1656 697 1743 desperatione
713 1659 875 1725 debilitati
889 1659 1037 1746 experiri
1050 1660 1084 1725 id
1097 1685 1164 1726 no-

13 1742 22 1797 7'
68 1762 165 1841 tent,
188 1761 279 1849 quod
294 1782 331 1825 se
343 1756 475 1844 assequi
486 1780 584 1844 posse
599 1759 760 1847 diffidant.
784 1783 787 1788 ’
804 1761 871 1828 Sed
892 1783 956 1849 par
977 1775 1027 1828 est
1046 1786 1164 1830 omnes
1184 1769 1204 1828 4

11 1800 44 1891 ἱ

11 1894 50 2015 ξ
82 1862 192 1929 omnia
206 1860 370 1949 experiri,
392 1859 451 1947 qui
467 1883 675 1948 resmagnas
693 1874 728 1928 et
740 1886 864 1951 magno
879 1887 982 1952 opere
997 1877 1163 1953 expeten-

10 654 27 791 i

10 794 60 927 f..

82 1964 134 2033 das
146 1965 426 2063 concupiverunt.
471 1961 575 2051 Quod
587 1963 616 2030 si
629 1985 732 2050 quem
743 1979 803 2033 aut
816 1978 937 2034 natura
952 1986 1011 2033 sua
1026 1978 1087 2035 aut
1102 1967 1162 2034 illa

10 2230 53 2287 ³12·
81 2245 129 2306 tie,
164 2256 195 2295 ea
214 2244 268 2297 dae
283 2246 408 2313 Puppes,
432 2246 538 2305 Resaes.
584 2247 655 2297 Item
675 2245 789 2317 quadiu
802 2249 910 2317 patrico
924 2263 989 2298 casu
1008 2247 1059 2298 hoe
1076 2264 1162 2317 genua

21 2350 26 2355 -
79 2312 250 2383 dispariliter
266 2314 373 2365 dicatur
387 2313 548 2378 civitatum,
566 2317 732 2383 Parentum,
746 2329 774 2367 ee
790 2319 966 2377 civitatium,
985 2318 1163 2370 Parentium:

77 2382 104 2434 in
121 2383 275 2434 accusandi
291 2383 342 2434 lios
359 2378 487 2461 Montes,
497 2386 611 2447 Fontes,
627 2397 655 2435 ee
672 2386 722 2436 hos
733 2388 852 2453 Montis,
868 2383 996 2440 Fontis.“

10 2448 17 2485 ·’
141 2452 169 2503 2.
207 2470 267 2503 cum
280 2450 427 2517 tentarit]
445 2452 483 2502 eit
496 2466 551 2500 om.
568 2452 621 2502 Dr.
636 2450 691 2503 Gu.
706 2452 733 2509 3.
899 2500 903 2508 .

34 2550 44 2591 .'·
103 2521 273 2591 perficiundi
288 2548 324 2558 -
339 2520 517 2589 experiundi]
536 2518 594 2569 Vir.
615 2528 643 2570 et
665 2520 718 2575 Dr.
735 2521 791 2573 Gu.
808 2523 833 2574 2.
851 2520 878 2574 3.
895 2518 978 2572 Aldd.
994 2520 1069 2573 Crat.
1087 2518 1161 2574 Vici.

20 2590 37 2651 ξ·
72 2586 154 2641 Man.
164 2587 276 2657 Gryph.
295 2591 320 2643 1.
345 2586 409 2639 sch.
425 2590 450 2641 2.
471 2617 506 2627 -
524 2591 688 2661 perficiendi
704 2619 740 2629 -
756 2592 916 2660 experiundi
927 2591 997 2640 Ven.
1011 2593 1036 2644 1.
1047 2592 1072 2643 9.
1082 2589 1168 2643 Med.-

12 2654 34 2729 ξ
71 2684 106 2699 -
121 2656 461 2725 perficiendi-experiendi
481 2658 512 2709 L.
535 2656 586 2712 Or.
632 2659 667 2709 In
687 2657 732 2710 his
754 2658 865 2710 duobus
896 2658 988 2710 verbis
1017 2658 1163 2729 antiquior

11 2738 23 2801 ς·
71 2725 206 2796 gerundii
227 2724 321 2777 fomur
335 2726 364 2775 in
383 2723 498 2791 optimis
521 2726 603 2779 codd.
625 2726 715 2780 Cicer.
733 2737 896 2781 constanter
912 2726 1067 2781 exhibetur.

10 2810 37 2885 p·
104 2798 199 2845 erudio
217 2794 278 2863 tua]
307 2805 424 2846 eumue
442 2795 526 2846 Mon.
576 2846 579 2850 ,

101 2862 318 2931 beniuolentiam]
337 2861 539 2914 benevolentium
549 2863 678 2919 (invitat.
692 2864 743 2928 Iu,
761 2882 844 2934 quam
861 2863 1004 2918 scribendi
1020 2864 1161 2921 rationem

10 2956 12 2987 r
68 2951 103 2988 ex
117 2934 295 2987 arroteritate
315 2939 442 2983 veterum
466 2932 607 2984 librorum
627 2935 770 3003 improbet
792 2936 955 3006 Dausquius
980 2934 1009 2988 h.
1025 2953 1051 2987 v.
1072 2952 1163 3003 quen-

70 3020 161 3077 quem
176 3001 296 3072 Quinet.
311 3003 338 3067 1,
354 3000 380 3066 5,
396 3003 438 3054 68.
457 3001 540 3051 aliter
555 3004 658 3070 sentit,
676 3021 741 3056 eum
759 3004 851 3055 dieat:
887 3007 1058 3072 ‚stringuntur
1072 3018 1163 3055 aurem

65 3071 206 3193 vaccinia
218 3083 268 3169 apt
285 3088 320 3122 ex
333 3071 434 3122 duobus
448 3073 559 3122 Latinie
572 3075 686 3144 integris
706 3084 753 3124 aut
770 3092 803 3123 rx
818 3076 920 3143 integra
938 3084 964 3124 et
979 3085 1099 3143 corrupta
1107 3108 1117 3138 ,
1132 3085 1163 3126 ut

67 3142 240 3195 malerinum·

140 3226 169 3282 3.
206 3226 286 3295 idque
296 3226 352 3278 iam
366 3226 491 3296 caepim]
510 3227 540 3277 id
553 3230 622 3294 qued
635 3230 691 3279 iam
704 3249 726 3283 e.
745 3225 826 3280 Med.
842 3227 912 3280 Ven.
930 3229 958 3283 2.
975 3228 1039 3281 Tul.

103 3297 153 3349 eui
165 3314 196 3347 rr.
211 3312 238 3351 a.
256 3295 359 3365 parsit]
385 3314 435 3366 qno
455 3296 509 3349 Dr.
532 3298 727 3356 Ven.1.2.-·
745 3300 806 3364 quoi
824 3296 889 3352 Tul.
903 3325 939 3338 -
956 3298 1001 3350 eui
1013 3295 1085 3352 nihil
1097 3299 1165 3353 addi

64 3377 160 3439 pateat
179 3363 274 3417 Viteb.

103 3436 138 3485 id
148 3434 221 3504 quod
226 3433 238 3501 J
262 3450 321 3485 om.
334 3434 365 3484 id
377 3435 461 3490 Mon.
1181 3445 1185 3457 “

102 3506 139 3557 id
150 3501 259 3570 nolent]
279 3502 333 3556 Dr.
350 3505 433 3557 Mon.
449 3501 533 3557 Aldd.
549 3505 641 3559 Juntt.
655 3503 721 3558 Sch.
739 3505 765 3560 2.
782 3503 835 3558 Or.
850 3519 907 3556 om.
920 3504 950 3554 t'd
967 3503 1049 3564 Med.
1067 3506 1099 3559 id
1117 3526 1166 3560 no·

65 3573 125 3627 lim
141 3570 200 3625 vit.
218 3572 275 3623 Gu-
290 3574 317 3626 2
337 3570 402 3624 seh.
417 3575 443 3626 1.
462 3589 519 3628 om.
540 3574 653 3631 iaVErn.
673 3576 790 3644 experiri
809 3573 898 3626 volent
912 3575 983 3630 Ven.
1000 3577 1026 3631 1.

103 3660 136 3694 ee
153 3639 277 3711 assequi]
298 3656 355 3693 om.
372 3662 400 3691 ee
410 3642 492 3697 Mon.

141 3724 170 3781 4.
201 3745 255 3793 pur
273 3738 313 3777 eet
324 3745 411 3795 omnes
434 3728 523 3777 omnia
540 3728 685 3800 experiri]
714 3712 798 3782 uranie
815 3729 891 3783 Vict.
902 3730 1005 3784 Lamb.
1021 3731 1068 3787 Cr.
1080 3738 1109 3782 et
1121 3729 1165 3785 sie

66 3795 102 3849 in
117 3792 252 3847 omuibus
266 3795 346 3853 loeis.
366 3798 454 3846 omnia
469 3799 587 3847 omnibus
600 3817 660 3866 exp.
680 3798 748 3865 Vin,
762 3799 793 3851 in
804 3815 893 3870 marg.
907 3810 1001 3853 autem
1018 3820 1111 3851 omnes.

10 3912 13 3917 ·
68 3882 210 3987 aaa
227 3856 612 3989 unitatum
625 3868 809 3991 traua
822 3888 980 3992 aaran
996 3870 1162 3995 vetrum·

67 4018 99 4057 v.
134 4002 223 4057 ‚1⁵1.

10 4124 12 4129 ,
106 4002 513 4139 eirnwpiuerunffleoueupivere.
533 4074 632 4129 Lamh.
651 4078 697 4130 De
712 4075 756 4129 his
773 4075 882 4129 duabus
895 4073 995 4129 formis
1009 4073 1051 4128 ita
1066 4072 1166 4143 disput·

70 4140 233 4211 tatPomp.
255 4138 287 4193 C.
311 4144 342 4193 A.
357 4140 394 4196 D.
410 4157 475 4212 pag·
493 4144 572 4198 3ll.:
608 4148 827 4216 „Legerunt,
859 4144 979 4197 aliaest
999 4144 1165 4210 ferrande-

10 4274 12 4279 Ι
71 4225 184 4283 μη.Ι
205 4210 354 4281 Medorum
373 4228 482 4285 cauea..
510 4216 641 4280 Quoniam
662 4229 726 4271 sunt
752 4216 850 4288 atiquo
867 4218 917 4269 ubi
942 4217 1072 4286 exigatur
1092 4214 1185 4262 breui·

10 4290 12 4303 ¹
73 4274 194 4345 oyffaba,
219 4274 313 4347 a‘rlr'qm
332 4270 494 4355 utilinga,
528 4280 589 4343 ideo
609 4278 748 4364 duplicem
766 4288 898 4364 regulum
920 4283 1065 4358 feceruut.
1096 4282 1207 4330 Temen

923 4362 1004 4426 Μ.
