2476 4546
130 213 205 312 x124
347 242 418 337 χ.
561 236 864 321 ,οΒΑΤοω
961 254 971 319 5-

139 393 406 483 imprudentiam
430 406 539 482 'saepe
566 391 668 459 etiam
695 393 808 459 minus
836 379 993 473 usitatos,
1009 392 1081 473 :sed
1110 380 1211 462 umen

139 521 280 579 versus3
311 497 474 562 vitiosum
505 517 609 583 genus
633 506 668 560 et
693 496 793 583 longa
808 495 928 559 *sn-imi
949 495 1141 582 provisione
1160 497 1210 561 fu·v

77 607 128 661 190
141 599 314 687 giendum.
357 599 466 683 Elegit
493 621 536 662 ex
563 597 678 665 multis
708 599 845 663 Isocrati
874 596 969 663 libris
993 597 1129 683 triginta
1150 599 1208 664 for-

137 714 222 769 tasse
232 723 353 767 versus
371 700 613 786 Hieronymus.
638 699 876 787 peripateticus
898 699 1071 786 inprimis
1092 699 1204 772 nobilis,

137 807 318 895 plerosque
339 804 486 868 senarios
508 803 564 868 sed
589 802 692 866 etiam
714 815 906 887 anapaesta:
928 824 995 887 quo
1012 802 1093 888 quid
1111 812 1204 888 potest

137 930 208 972 esse
238 905 393 992 turpius?
435 905 507 971 Etsi
536 905 573 969 in
602 905 756 990 eligendo
793 905 869 970 lecit
900 904 1081 970 malitiose:
1112 905 1203 992 prims

138 1009 229 1074 enim
248 1008 375 1095 syllaba
397 1007 510 1074 demta
529 1008 568 1072 in
589 1007 703 1094 primo
725 1008 829 1072 verbo
850 1007 1058 1084 sententiae,
1089 1017 1202 1095 postre-

135 1134 236 1178 mum
259 1110 301 1174 ad
325 1110 471 1175 verbum
493 1109 639 1198 primam
661 1132 779 1177 rursus
800 1108 963 1197 syllabam
987 1109 1138 1174 adiunxit
1155 1111 1200 1174 in-

134 1213 317 1300 sequentis.
360 1213 477 1300 Itaque
505 1211 612 1278 factus
635 1226 684 1280 cst
709 1223 908 1300 anapaestus
929 1213 974 1291 is,
1009 1211 1067 1298 qui
1087 1211 1200 1280 Arista-

135 1321 289 1405 phaneus
316 1315 522 1382 nominatur.
578 1315 680 1405 Quod
709 1339 753 1382 ne
781 1315 928 1407 accidat.
958 1314 1126 1380 observari
1152 1334 1199 1377 nec

137 1429 248 1507 potest
269 1439 331 1483 nec
351 1440 487 1482 necesse
511 1431 571 1485 est.
616 1421 683 1487 Sed
710 1433 824 1497 tamen
852 1418 906 1481 hic
929 1416 1197 1493 correctorium

136 1523 211 1608 ipso
238 1523 331 1597 loco,
367 1543 433 1605 quo
464 1518 702 1610 reprehendit.
739 1529 790 1604 (ut
811 1543 833 1584 a
860 1542 917 1585 ms
941 1519 1197 1583 animadversum

104 1618 116 1692 J
132 1637 187 1690 'est
207 1626 357 1690 studiose
376 1623 563 1711 inquirenti
583 1624 620 1691 in
641 1623 909 1710 eum)·immittit
929 1621 1126 1710 imprudens
1142 1619 1196 1708 ipss

131 1822 345 1840 m

176 1952 259 2002 etiam
275 1954 376 2022 missus]
397 1955 479 2005 etiam
494 1955 592 2006 animis
606 1955 660 2008 Dr·

176 2024 276 2084 elegis]
296 2023 372 2092 eligit
387 2025 443 2076 Gtt.
459 2023 485 2077 3.
664 2068 665 2072 ,

135 2111 149 2119 ··
212 2092 271 2145 190.
308 2096 444 2157 Isocrati]
463 2095 547 2146 Grut.
563 2091 654 2149 schir.
668 2094 843 2144 -'Isoeratis
858 2091 960 2145 Ceteri.
990 2090 1026 2142 ci.
1048 2089 1137 2144 Prisci.
1155 2085 1188 2134 Vl·
1227 2124 1230 2137 .

140 2157 190 2214 XI.
215 2177 241 2226 p.
264 2163 324 2214 285.
345 2162 441 2215 Krehl.
472 2165 528 2228 „Et
556 2165 704 2230 sciendum,
731 2165 800 2232 quod
820 2165 848 2212 in
867 2163 1049 2211 huiuscemodi
1071 2157 1189 2210 nominibus

140 2234 245 2297 quando
258 2235 355 2280 tertiae
368 2244 445 2300 sarit,
456 2232 676 2300 frequentissime
691 2244 788 2282 veteres
805 2233 923 2282 datiuum
935 2230 1075 2299 proferunt
1093 2246 1135 2296 prs
1150 2243 1189 2292 ge·
1227 2234 1230 2339 q

139 2299 238 2361 nitiva,
258 2301 415 2364 Aristoteli,
445 2303 631 2367 Demostheni,
659 2303 822 2370 Thucydidi,
847 2302 972 2362 Euripidi
992 2318 1041 2366 pro
1062 2291 1189 2349 Aristotelis

141 2378 196 2420 etc.
215 2373 367 2430 ponentes.“
405 2370 465 2423 Ct'c.
481 2370 530 2422 IV.
549 2371 660 2422 Verrin.
682 2373 759 2437 (Ace.
776 2371 814 2421 Il·
834 2372 867 2434 2,
887 2369 944 2433 54.)
965 2368 1125 2433 Timarclsitli
1139 2358 1186 2413 lbll·

129 2454 165 2499 Ιο.
179 2439 222 2488 28.
241 2436 370 2490 Ssltnsid.
381 2440 413 2490 L.
432 2439 468 2491 G.
485 2440 517 2491 Τ.
531 2441 556 2492 2.
576 2458 604 2505 p·
621 2440 679 2494 166.
717 2439 810 2493 Etiam
825 2441 941 2492 Monac.
957 2437 1043 2488 habet
1056 2436 1162 2486 Isocrati.

132 2542 136 2548 ·
175 2500 366 2574 Hieronymus]
385 2507 531 2572 Rhodius,
558 2509 592 2560 de
609 2510 783 2579 quoCicsro
800 2510 831 2559 in
845 2507 929 2558 Acsd.
947 2509 1003 2573 tu,
1022 2509 1065 2560 42.
1087 2506 1117 2554 de
1128 2499 1186 2552 finib.

139 2575 169 2626 Il
178 2613 186 2639 ,
205 2576 221 2628 3
237 2586 264 2624 et
276 2578 300 2629 6.
319 2577 507 2647 Eiusdemque
521 2588 621 2630 contra
636 2580 790 2630 Isocratem
804 2577 968 2628 testimonio
990 2577 1079 2626 utitur
1094 2572 1186 2638 Dionys.

139 2644 231 2696 Halia.
250 2645 280 2695 in
298 2645 404 2697 iudicio
419 2647 453 2698 dc
470 2649 595 2698 Isocrate
607 2649 641 2702 Τ.
652 2650 679 2700 2.
694 2666 722 2716 p.
739 2651 783 2703 99.
801 2646 843 2698 ed.
858 2647 933 2713 Sylb.
948 2644 1079 2695 Frsncnf.

175 2715 342 2784 arrapaesta]
361 2731 501 2784 anapestus
514 2716 569 2766 Vit.
584 2747 620 2758 --
634 2720 821 2786 anapaesticus
842 2715 919 2768 Med.
936 2715 1017 2766 Aldd.
1031 2713 1092 2765 Tul.
1105 2713 1142 2762 Ju.
1153 2709 1186 2759 Cr·

139 2788 213 2837 Msn.
228 2788 258 2835 L.
273 2815 309 2824 -
324 2788 444 2850 anapesti
460 2802 516 2854 mg.
527 2785 591 2838 Tul.
601 2787 682 2838 Duae
696 2787 804 2853 primae
818 2785 956 2834 lectiones
970 2787 1041 2834 bene
1055 2799 1083 2833 ss
1094 2781 1185 2831 hassa:

78 2904 81 2909 ,
139 2852 253 2906 namin
271 2870 324 2904 uns
341 2868 489 2925 arrapaesta
502 2853 588 2922 pisper
603 2855 765 2925 supplebis,
783 2855 813 2906 in
825 2855 912 2906 alteia
927 2850 1186 2922 anapaestastrizsts·

176 2927 204 2973 ia
219 2924 357 2989 eligenda]
376 2928 403 2973 in
417 2922 525 2994 legenda
541 2927 599 2980 Vct.

175 2996 265 3043 ‹lerrtta
282 2995 310 3041 in
322 2993 426 3060 prima]
446 3013 479 3042 ex
490 2998 574 3061 primo
594 2994 674 3045 Aldd.
688 2995 731 3045 Ju.
747 2995 794 3045 Cr.
809 2993 841 3045 L.

175 3061 318 3128 adiunxit]
339 3063 467 3130 syllabam
482 3066 606 3114 adiunxit
621 3072 648 3114 in
662 3076 809 3132 sequentem
823 3063 980 3112 sententiam
996 3061 1040 3112 ita
1051 3061 1109 3112 Vet-

129 3170 132 3175 -
176 3134 269 3198 itaque
277 3130 397 3197 factus]
418 3131 470 3183 Vir.
483 3134 535 3186 Dr.
557 3162 581 3171 -
595 3133 739 3202 itasurtus
758 3131 859 3183 Ceteri.

133 3232 164 3322 -ο
173 3200 354 3322 anapa6stus]
376 3201 430 3254 vtt.
444 3201 497 3253 Dr.
513 3201 594 3258 Aldd.
607 3205 650 3255 Ju.
669 3230 703 3242 -·
721 3203 910 3268 anapaesticus
930 3199 1002 3250 Vett·
1020 3201 1047 3254 2.
1057 3193 1130 3255 Meti.
1140 3189 1189 3246 Tul.

165 3287 187 3322 r.
203 3271 234 3320 L.
284 3286 306 3319 r.
600 3276 602 3280 '
1132 3286 1135 3291 ·

174 3360 224 3408 quo
240 3338 421 3408 reprehendit]
440 3359 489 3409 quo
505 3343 650 3392 Isocratem
665 3340 828 3410 reprehendit
842 3353 901 3407 mg.
918 3335 997 3401 1584.

127 3431 132 3453 ·.
173 3420 205 3458 ut
219 3427 236 3457 a
252 3410 311 3475 me]
332 3427 388 3460 om.
406 3420 435 3458 ut
453 3410 514 3461 Vet.

42 3527 48 3533 ,
174 3478 292 3527 studiose
306 3480 469 3546 inquirenti]
489 3479 632 3529 studr'usius
650 3477 745 3544 Steplt.
761 3477 793 3529 L.
816 3477 1010 3544 -inquirenti
1029 3473 1075 3529 Sic
1089 3472 1190 3527 Vinus·
1228 3510 1230 3515 -

136 3548 206 3598 Vsu·
224 3548 247 3599 1.
264 3549 289 3599 2.
303 3547 368 3598 Tul.
385 3546 466 3599 Aldd.
479 3549 570 3599 Juntt.
586 3550 632 3603 Cr.
647 3548 719 3598 vict.
737 3546 848 3614 Gryph.
867 3550 892 3600 1.
910 3548 936 3600 2.
954 3545 992 3598 cl.
1009 3545 1099 3598 Servii
1114 3549 1141 3600 Δ.
1153 3541 1190 3599 Gt·

19 3616 24 3633 '
136 3635 165 3686 p.
180 3615 242 3670 524·
259 3614 301 3665 ed.
316 3615 447 3668 Lindum.
476 3621 537 3682 „De
551 3618 669 3667 ablativo
684 3617 817 3679 singulari
828 3617 972 3684 participii
995 3616 1118 3681 temporie
1128 3628 1192 3681 prat·

136 3689 220 3737 sentis
246 3685 430 3735 dubitauerunt
446 3699 563 3749 ueteres,
584 3699 671 3737 utrum
688 3689 716 3736 in
736 3688 850 3749 iexeat,
877 3704 911 3734 an
933 3687 1001 3738 ine.
1030 3686 1148 3736 Cicera
1168 3681 1193 3729 in

136 3760 149 3808 i
168 3757 281 3815 misit,
302 3754 439 3823 Virgilius
456 3757 484 3803 in
499 3777 520 3804 c.
542 3757 577 3808 Et
593 3763 721 3805 seirenes
735 3758 870 3819 delsemus,
890 3753 1011 3822 regulam
1025 3754 1095 3804 lianc
1110 3757 1195 3818 esseut

136 3829 164 3876 in
179 3834 290 3876 texeat.
309 3825 457 3890 Participia
472 3827 538 3873 enim
553 3827 581 3874 in
597 3845 611 3874 e
626 3824 718 3874 debent
730 3827 847 3874 desinere
861 3842 911 3872 non
927 3826 955 3872 in
976 3825 1003 3874 ir
1028 3834 1144 3873 auctores
1159 3831 1192 3869 ta·

137 3915 194 3944 men
213 3893 348 3947 eusanium
362 3895 448 3942 secuti
463 3906 530 3958 sunt,
550 3907 579 3943 ut
594 3896 662 3960 quael
676 3912 756 3944 suave
770 3894 878 3943 auribus
892 3893 1050 3960 uidebatur,
1070 3885 1195 3943 tiemari*

134 3967 234 4032 Pomp·
250 3964 281 4015 C.
294 3963 324 4014 Α.
340 3963 376 4014 D.
393 3978 420 4029 p.
434 3961 496 4015 362.
524 3965 699 4028 „(luaeritur,
719 3975 806 4012 utrum
818 3963 969 4031 pstrticipia
988 3963 1042 4012 ini
1062 3971 1153 4013 exeam
1170 3974 1197 4007 at

72 4075 77 4081 .
136 4038 166 4085 in
179 4054 200 4085 e.
229 4033 383 4096 Quaesitum
403 4044 443 4081 est
465 4033 513 4081 diu
536 4033 607 4099 aputl
628 4031 810 4100 artigraphos.
866 4031 902 4082 Et
933 4031 1017 4082 scrire
1037 4033 1127 4096 teser,
1148 4027 1198 4091 quia
1226 4034 1230 4091 ¹,

137 4123 212 4153 amne
225 4103 398 4169 participium
415 4103 564 4167 praesentis
578 4107 700 4169 temporis
713 4103 742 4151 in
756 4100 952 4154 eterminatur.
996 4101 1132 4169 Siquando
1145 4101 1199 4148 inue-
1228 4102 1230 4117 '

133 4174 208 4223 neris
220 4173 233 4221 i
247 4171 397 4234 terminari,
412 4182 461 4222 aut
476 4171 619 4221 necessitas
632 4168 713 4238 facit
729 4171 821 4230 metri,
841 4180 889 4218 aret
904 4180 975 4218 certe
992 4178 1117 4237 quantam
1137 4165 1200 4216 tates
1228 4166 1230 4171 '

124 4243 316 4306 semianimem
330 4261 391 4294 cum
406 4243 542 4297 nornine.“
563 4270 599 4284 -
616 4241 767 4311 inquirente
787 4253 874 4290 nemu
898 4246 1011 4319 pssunt
1027 4238 1124 4308 steph.
1137 4238 1167 4291 L
1176 4250 1202 4288 tc
