2476 4546
121 246 235 340 tt,
337 198 343 205 ”
447 321 450 325 ,
543 237 846 352 >oneror

120 398 320 468 floruerunt
335 391 424 483 apud
440 391 606 476 Graecos,
628 393 688 458 sed
710 392 892 459 Phalereus
912 384 1110 460 Demetrius
1131 414 1212 461 meo

116 500 249 569 iudicio
271 499 437 587 praestitit
458 497 596 572 ceterir3
625 496 721 561 cuius
745 494 852 561 oratic
869 518 947 560 cum
969 497 1083 562 sedate
1102 494 1212 585 placi-

122 602 234 689 deque
246 600 413 688 loquitur,
433 595 512 675 tum
524 599 694 665 illustrant
706 620 783 663 eam
800 599 897 686 quasi
910 600 1028 665 stellae
1044 598 1213 685 quaedam

119 704 286 773 translata
306 702 415 770 uerba'
427 714 530 788 atque
544 700 736 768 immutate.
788 696 1037 789 Translataqea
1057 703 1154 784 dico,
1174 712 1214 768 ut

73 858 85 881 .
118 829 222 896 saepe
236 806 323 895 iem,
346 825 435 891 quae
448 826 511 894 per
525 804 779 871 similitudinem
794 803 839 870 ab
853 803 919 869 alia
935 825 974 870 re
989 814 1052 870 eut
1064 803 1213 872 suavita-

11 923 16 939 ⁴
120 908 165 975 tis
189 919 251 973 aut
271 907 405 995 inopiae
427 930 526 973 causa
547 903 811 973 transferuntur.
861 907 1013 990 Mutata,
1033 906 1212 995 inquibus

122 1008 307 1103 proverbe
324 1009 467 1099 proprio
486 1007 665 1074 subiicitur
686 1007 798 1088 aliud,
826 1010 917 1096 quod
938 1010 1028 1074 idem
1046 1008 1213 1096 significet

67 1151 103 1207 93
124 1125 276 1184 sumtum
305 1133 348 1176 ex
381 1135 421 1179 re
447 1113 563 1198 ntique
590 1111 818 1197 consequenti.
883 1109 989 1199 Quod
1013 1126 1211 1199 quanquam

124 1213 362 1283 transferendo
382 1210 439 1292 fit,
471 1223 586 1278 tamen
613 1210 679 1278 alio
701 1213 803 1279 modo
824 1215 999 1280 transtulit
1022 1236 1101 1279 eum
1126 1213 1213 1281 dixit

33 1312 36 1317 ’
123 1318 267 1396 Ennius,
291 1337 372 1383 aree
390 1326 423 1382 et
438 1314 519 1382 urbe
537 1314 620 1394 orba
636 1336 738 1384 sum:
756 1315 822 1383 alio
839 1316 953 1399 modo,
973 1316 1004 1415 'si
1022 1306 1088 1406 pro
1099 1315 1220 1406 patria

123 1480 333 1499 m

158 1629 161 1633 -
195 1595 239 1648 92.
280 1591 416 1661 loquitur]
455 1589 557 1644 labitur
573 1588 708 1663 Purgotd.
736 1590 803 1649 sch.
820 1568 854 1652 2..
873 1585 960 1650 Beier
981 1591 1019 1646 ed
1041 1591 1100 1650 off.
1129 1591 1168 1649 Τ.
1186 1592 1212 1647 1.

97 1683 99 1687 ’
125 1672 154 1736 p,
168 1664 230 1718 274.
244 1691 277 1702 -
290 1660 413 1730 improb.
428 1659 541 1715 Welelr.
557 1662 719 1714 Emendatt.
739 1662 801 1721 Liv.
819 1681 850 1736 p.
862 1663 925 1721 204.
960 1663 1103 1718 Demetrii
1121 1662 1213 1716 oratio

125 1732 216 1789 sedati
228 1732 388 1802 placidique
402 1731 540 1783 sermonis
555 1731 656 1785 similis
669 1740 721 1787 est.
742 1748 746 1753 ·

160 1803 322 1867 illustrant]
338 1800 459 1851 illustrat
475 1798 531 1853 vit.
544 1803 606 1854 vet.
769 1830 774 1837 ·
873 1856 882 1871 ⁸

85 1930 88 1938 ¹
159 1868 312 1938 translata]
345 1868 403 1922 Vit.
418 1870 470 1921 Dr.
484 1871 566 1924 Mon.
581 1871 654 1928 Vsu.
669 1873 693 1928 1.
712 1871 778 1925 Tul.
794 1870 876 1926 Aldd.
892 1873 969 1930 Crat.
982 1872 1016 1929 1..
1034 1870 1087 1927 Or.
1106 1883 1213 1922 -tro-

125 1941 187 1995 lato
200 1942 285 1993 Grut.
299 1941 369 1992 Era.
378 1940 412 1992 V.
424 1939 548 1992 Martini
560 1967 577 1980 -
591 1941 660 2011 Lag.
676 1940 714 1994 ad
732 1943 792 1995 Cic.
808 1945 862 2010 Ep.
877 1943 945 1998 1.1.
966 1960 1010 2010 ep.
1019 1941 1088 1997 4.-
1098 1952 1213 2006 ‚stram-

32 2050 35 2055 .
116 2011 257 2082 finiant.
280 2009 329 2062 ¹Sic
345 2024 443 2060 omnes
455 2009 522 2067 mei.
538 2009 636 2091 sieque
650 2010 740 2063 iidem
751 2013 784 2077 V,
797 2014 843 2067 20.
860 2011 1005 2081 transferri
1018 2028 1078 2063 non
1090 2009 1213 2079 traferri,

41 2141 44 2145 ⁴
71 2084 73 2093 '
123 2090 156 2134 ut
168 2078 312 2132 Victorius
328 2093 344 2130 e
363 2076 421 2129 suis
436 2076 475 2129 ihi
494 2079 629 2148 protulit,
648 2080 698 2132 uhi
718 2081 754 2133 de
776 2080 831 2134 hec
847 2080 990 2134 scribendi
1011 2090 1067 2133 rat.
1086 2079 1214 2149 disputat

36 2157 41 2165 '
124 2150 251 2218 Castigg.
275 2167 304 2220 p.
317 2148 359 2203 49.
371 2151 391 2179 ‘⁶
404 2175 440 2188 -
458 2149 627 2218 Quanquam
636 2150 744 2205 Donet.
768 2151 805 2203 ad
820 2152 886 2204 Ter.
905 2152 1018 2206 Phorm.
1038 2149 1118 2204 Prol.
1134 2166 1177 2203 vs.
1188 2152 1231 2205 2.

123 2222 164 2273 ite
177 2219 271 2285 dicits,
281 2219 451 2288 „Tronsdere
465 2227 573 2271 veteres
587 2220 829 2291 sonantius,quocl
843 2238 896 2273 nos
911 2221 1005 2274 lenius
1015 2220 1141 2274 dicimus
1152 2233 1215 2272 tra·

114 2293 198 2354 uere,
216 2297 250 2339 nt
272 2287 417 2349 tralatum,
441 2303 494 2337 nos
508 2287 671 2339 translatum
687 2305 702 2341 e
718 2290 899 2342 contrario.“
924 2293 1058 2343 Ceterum
1078 2288 1160 2345 conf.
1180 2288 1215 2343 de

24 2360 29 2370 '
126 2360 208 2412 Oret·
224 2359 250 2424 3,
265 2357 309 2414 45.
327 2357 514 2421 translatum,
540 2356 619 2426 quod
637 2358 761 2413 maxima
779 2369 916 2432 tanquam
936 2360 1025 2413 stellis
1040 2360 1216 2433 quibusdan

127 2437 209 2482 notat
224 2438 251 2479 et
264 2427 409 2480 illuminat
424 2426 592 2483 oraticnem.
854 2446 858 2455 ·
904 2436 906 2440 ·

162 2519 194 2550 en
210 2500 288 2567 dieo]
308 2500 368 2548 <lico
381 2515 413 2548 en
429 2498 499 2552 Ven.
516 2501 540 2553 1.
553 2500 579 2552 ἓ.
598 2498 679 2554 Med.
693 2497 760 2553 Tul.
774 2516 830 2556 om.
846 2518 878 2552 ee
893 2499 946 2552 Dr.
960 2501 1045 2555 Meu.

162 2570 197 2621 ab
213 2568 271 2620 alio
285 2568 329 2637 re]
349 2569 387 2618 ad
398 2566 484 2618 alium
496 2588 550 2618 rem
561 2570 613 2622 Dr.
627 2572 711 2622 Mon·
723 2570 815 2639 Regii.
828 2569 909 2639 prob.
924 2570 976 2624 Or.
1069 2588 1072 2593 ·

163 2639 292 2707 mutata]
309 2641 450 2689 immutata
463 2636 529 2689 Seli.
538 2655 581 2706 pr.
589 2639 640 2693 Or.
660 2644 696 2691 At
705 2640 743 2691 cf.
756 2640 873 2709 Quinot·
885 2640 935 2709 IX,
942 2641 969 2709 3,
977 2642 1022 2697 92.
1042 2638 1109 2710 „Et
1122 2650 1222 2699 muto-‚-

35 2763 39 2773 ,
108 2764 112 2779 ,
126 2709 165 2762 tio
178 2738 212 2811 -κ-
226 2710 251 2758 si
263 2700 322 2760 irem
336 2707 404 2759 haee
420 2706 568 2777 appellatio
583 2708 726 2784 signifieat
737 2703 915 2783 ὑπαλλαγὴν,
933 2713 1005 2762 satie
1015 2714 1048 2762 de
1062 2706 1215 2778 redierit!

127 2791 178 2833 est.
215 2806 249 2819 -
382 2804 385 2811 ·

161 2849 242 2900 sterio·
254 2843 382 2917 proprio]
412 2861 469 2901 om.
481 2840 598 2917 ¹proprio
615 2848 667 2903 Dr.
688 2838 791 2907 Gne.
805 2850 869 2903 vet.
883 2876 918 2891 -
930 2849 1006 2900 verbo
1021 2850 1135 2918 'proprie
1147 2866 1213 2918 pro·

126 2921 215 2989 prium
230 2914 786 2988 nbi.sch.2.-Quinct.vl11,6‚23.
813 2918 996 2989 „Neeprceui
1008 2919 1043 2970 ab
1057 2924 1108 2970 noc
1142 2938 1213 2969 encre

126 2989 243 3039 discetis
264 2986 440 3055 μετωνυμία,
466 3005 534 3054 quoe
553 2999 593 3039 est
614 2992 729 3041 neminie
750 3008 800 3059 pro
821 2985 925 3041 nornine
937 2988 1056 3058 positi05
1126 3006 1159 3040 ue
1173 2988 1212 3039 vta

18 3106 20 3111 ,
84 3060 88 3069 ’
126 3069 184 3124 eet,
208 3075 255 3125 pro
272 3075 317 3124 eo,
336 3059 406 3125 quoti
419 3057 534 3124 dieitur,
558 3075 668 3109 caueam
686 3071 886 3130 propterquam
905 3060 1024 3121 dicitur,
1040 3056 1213 3128 pumma!

127 3138 159 3177 ut
176 3127 218 3176 ait
235 3128 339 3186 δίοιτο,
358 3119 519 3193 ὑπαλλαγὴν
534 3126 649 3181 rhetores
663 3127 790 3185 dicunt.“

159 3196 322 3261 eubiieitur]
337 3196 469 3246 traiicitur
482 3195 536 3247 vit.
550 3197 604 3249 Dr.
796 3194 799 3203 '

193 3263 237 3320 98.
270 3282 350 3333 quum
361 3265 450 3331 dixit]
469 3266 540 3331 quod
552 3267 626 3316 dixit
640 3266 703 3320 vet.
718 3295 752 3307 -·
767 3286 828 3318 eum
842 3266 911 3319 dicit
924 3266 1028 3317 Ennius
1042 3262 1102 3329 thf.

160 3350 223 3384 arce
241 3344 267 3383 er
278 3335 342 3384 urbe
354 3335 420 3384 erin
432 3332 506 3400 sum]
527 3332 567 3395 G.
578 3335 903 3397 Hermannuslrenerole
918 3351 1033 3389 meeum
1049 3331 1208 3388 communi·

124 3402 200 3455 cavit
216 3404 261 3454 Fr.
279 3402 368 3455 Reizii
387 3402 530 3471 exemplar
547 3402 781 3470 ciceronianum,
807 3407 840 3458 in
861 3422 918 3477 quo
938 3404 1011 3458 haec
1031 3402 1111 3462 adh.
1125 3403 1147 3458 l.
1161 3402 1208 3457 ade

112 3470 231 3540 ¹scripta
245 3470 322 3524 vidi:
342 3471 435 3539 „Non
451 3472 486 3524 de
499 3472 618 3526 Romae
635 3476 726 3529 Gallis
742 3477 874 3542 incensa,
898 3484 932 3528 ut
948 3474 1092 3527 Gruterus
1110 3472 1206 3537 veluit,

122 3557 217 3592 sermo
232 3550 290 3609 est,
316 3540 375 3593 ime
395 3542 433 3594 de
446 3541 533 3594 Troia
553 3542 684 3616 incensa,
709 3562 777 3598 nam
795 3545 876 3601 locus
898 3551 942 3597 est
957 3559 991 3596 ex
1012 3542 1208 3597 Andromache

77 3642 80 3646 -
123 3609 212 3662 Ennii
228 3610 266 3664 cl.
279 3610 395 3664 Tuscul.
411 3612 467 3683 Qu.
482 3611 509 3676 3,
524 3612 609 3682 19⁶5·
622 3614 667 3670 44.
703 3615 765 3685 Ego
782 3615 950 3668 Ciceronem
963 3622 1035 3682 puto
1048 3612 1205 3681 scripsisse:

31 3743 38 3753 ¹
83 3695 86 3699 ·
122 3696 189 3731 eree
210 3688 239 3730 et
259 3679 330 3732 urbe
348 3679 418 3732 orba
432 3682 594 3744 sumtalio
617 3682 725 3750 modo‚.
744 3684 769 3736 si
783 3701 836 3751 pro
848 3683 942 3752 patrie
957 3699 1053 3735 arcem
1068 3691 1098 3735 et
1110 3682 1207 3735 urbem

122 3748 271 3801 dixisset.“
304 3747 388 3801 Vides
411 3750 570 3805 consentire
585 3753 714 3806 Reizium
734 3771 800 3806 cum
813 3752 966 3819 Lambino‚
991 3752 1045 3806 etsi
1064 3754 1206 3821 procerte

122 3816 214 3871 habeo
227 3857 235 3885 ‚
247 3848 249 3853 ν
260 3817 344 3886 hano,
353 3835 386 3869 ex
405 3818 520 3887 ingenio
543 3821 632 3874 Reizii
646 3822 761 3876 fluxisse.
776 3822 1002 3888 restitutionem,
1024 3839 1084 3887 non
1098 3837 1131 3873 ex
1144 3820 1207 3875 edit.

121 3887 253 3940 Lambini
269 3903 330 3940 esse
343 3886 400 3940 hue
413 3890 590 3942 translatam.
609 3928 625 3954 ‚.
635 3901 696 3943 erat
710 3893 787 3945 enim
798 3892 843 3944 vir
858 3901 891 3942 nt
904 3886 1081 3942 beatissimus
1095 3888 1206 3956 ingenio

22 3973 27 3982 ¹
123 3957 325 4026 doctrinaque,
343 3957 384 4007 sic
397 3966 497 4025 perum
512 3961 666 4013 instructus
681 3980 697 4012 n
712 3959 891 4031 supellectile
906 3960 1041 4014 literaria.
1051 3964 1070 3993 ‘⁴
1097 3959 1206 4011 Andro·

121 4026 223 4079 macha
243 4036 336 4078 autem
355 4026 455 4078 dixisse
468 4027 580 4079 videtur
597 4046 648 4096 pro
669 4032 751 4079 Troia
768 4044 807 4081 ese
820 4033 944 4093 incenso,
958 4050 1019 4081 orec
1031 4042 1057 4080 et
1068 4036 1132 4080 urbe
1145 4030 1206 4081 oria

122 4088 189 4160 suriz,
205 4106 255 4148 aut
268 4113 443 4165 consequens
457 4113 509 4163 pro
524 4099 648 4165 eoquod
662 4100 776 4169 proprie
792 4100 980 4169 significetur.
1000 4112 1206 4167 cummopere

112 4166 211 4229 petris
232 4182 328 4216 ereem
353 4173 382 4218 et
401 4166 501 4218 urbem
522 4164 656 4235 dixisset,
679 4169 846 4239 metaphora
862 4178 950 4237 esset,
967 4168 1046 4239 quod
1061 4167 1155 4221 simile
1169 4178 1206 4219 est

102 4232 247 4300 quiddam
268 4234 331 4305 illi,
360 4237 439 4292 unde
458 4236 652 4295 transtuleris.
671 4270 706 4283 -
725 4258 813 4295 eram
830 4252 858 4294 et
875 4239 967 4293 urben
987 4241 1065 4292 crte·
1083 4239 1138 4290 tit.
1156 4238 1205 4291 Dr.
