2476 4546
169 197 188 205 “
261 169 361 281 ¹nu
399 210 902 311 usae-unnnonun.
953 177 958 182 ’
1012 264 1015 269 -
1084 229 1148 297 iss

60 372 113 433 tou
138 384 320 436 numerosa
352 366 480 450 oratio,
514 366 550 466 ¹si
588 379 648 435 aut
681 368 893 436 laudandum
931 385 981 439 est
1010 375 1137 462 aiiquid
1153 383 1206 441 tto

65 469 223 553 omittitis,
266 479 312 541 ut,
334 489 397 533 nos
431 469 470 535 in
496 469 725 541 Accusationis
754 474 909 546 seeundo
938 476 982 541 de
1010 477 1146 545 Siciliae

64 568 153 657 itudo
170 570 341 653 diximus,
364 582 402 639 ut
423 570 460 638 in
479 585 596 641 senatu
618 574 660 649 de
680 577 860 643 consulatu
882 599 976 660 meo,
998 586 1146 648 aot-ex·
1207 635 1212 650 .

69 675 216 763 ponende
236 673 407 753 narratio,
436 695 522 759 quae
553 678 629 763 ptus
657 676 827 762 dignitatis
847 679 1017 755 desiderat
1039 702 1159 767 quam.

68 777 198 856 dolosis,
236 784 275 841 ut
300 772 337 839 in
351 854 353 858 y
369 776 490 860 quarto
517 778 746 879 chusationis
767 783 810 846 de
831 782 1142 872 EnnensiCerere,

68 879 103 945 de
119 880 295 966 Segestana
306 877 434 959 Diana,
457 879 498 951 de
513 879 757 968 Syracusarum
768 883 836 948 situ
850 884 1010 950 diximus.
1034 884 1144 976 Saepe

67 983 155 1053 etiam
181 981 219 1046 in
247 978 485 1069 amplificanda
518 1004 556 1047 re
591 1007 752 1050 concessu
788 986 945 1051 omnium
984 982 1143 1059 funditur

65 1104 233 1155 numerose
260 1093 293 1167 et
319 1081 512 1179 volubiliter
546 1087 667 1151 oratio.
731 1085 769 1154 Id
799 1109 863 1151 nos
892 1085 1033 1152 fortasse
1069 1108 1142 1151 non

65 1186 256 1275 perfecimus
264 1233 286 1289 ,Ι
300 1185 413 1251 conati
436 1184 573 1270 quidem
590 1186 784 1276 saepissime
799 1211 934 1257 sumus:
949 1171 1047 1274 'qn'od
1063 1191 1143 1277 plu·

64 1291 148 1357 rimis
168 1291 250 1357 locis
271 1288 509 1376 perorationes.
517 1301 653 1355 nostrae
669 1291 813 1356 voluisse
828 1314 889 1389 nos
906 1304 1009 1378 atque
1025 1292 1140 1379 animo

63 1393 263 1461 contendisse
284 1392 468 1457 declarant.
512 1388 549 1456 ld
573 1403 685 1456 autem
706 1404 781 1459 tum
800 1395 905 1472 valet,
928 1417 1008 1459 cum
1029 1393 1057 1459 is
1080 1391 1141 1480 qui

60 1498 147 1568 ondit
173 1496 216 1561 ab
246 1506 382 1560 oratore
412 1494 482 1557 iem
520 1492 670 1559 obsessus
700 1507 750 1560 est
777 1517 818 1560 ac
850 1488 997 1561 tenetur.
1062 1495 1142 1561 Non
1222 1561 1223 1565 ,

58 1599 144 1664 enim
164 1597 200 1665 id
222 1597 307 1684 agit,
336 1607 376 1660 ut
404 1593 585 1659 insidietur
615 1608 650 1660 et
671 1597 847 1676 observet,
876 1599 940 1664 sed·
956 1600 1025 1664 ism
1048 1598 1142 1664 fauet

56 1717 318 1787 processumque
347 1698 441 1778 vuit,
473 1697 672 1784 dicendique
693 1699 766 1765 vim
791 1700 964 1785 admirans
987 1722 1055 1764 non
1077 1720 1142 1763 en-

55 1804 156 1886 quirit
174 1795 256 1890 quid
277 1800 466 1888 reprendet
508 1790 725 1869 Haerentem
744 1803 857 1867 fornia
868 1802 1046 1868 retinenda
1062 1824 1133 1866 uon
1151 1807 1203 1865 211

55 1903 197 1973 din-est.
235 1908 316 1989 [neu
337 1902 411 1969 dico
434 1902 473 1968 in
495 1903 727 1990 peroratione,
761 1926 864 1995 quem
887 1903 959 1993 ipse
980 1905 1138 1980 includit,

50 2116 260 2141 *un—aud—

72 2276 76 2283 *
100 2286 180 2340 -210,
217 2282 336 2334 ornatius
350 2278 397 2348 ut]
417 2278 537 2332 ornatius
559 2290 589 2330 ut
608 2291 702 2331 senatu
721 2282 754 2332 de
769 2278 910 2332 consulatu
930 2297 978 2330 nos
998 2278 1027 2330 in
1046 2281 1137 2330 Arest-
1171 2263 1174 2269 ¹

50 2357 166 2409 meent«
177 2361 232 2418 eto,
244 2356 316 2409 Ven·
334 2356 359 2407 1·
981 2353 983 2357 '

84 2455 114 2497 ut
130 2444 160 2493 irs
172 2426 283 2507 ienntu]
303 2438 371 2494 Ern.
388 2434 454 2490 sch.
473 2435 523 2493 Or.
537 2463 572 2475 ···
587 2447 637 2488 out
649 2437 677 2488 irs
692 2455 715 2488 e.
732 2434 835 2488 Ceteri.

84 2510 235 2577 desiderat]
255 2510 384 2560 desideret
400 2507 471 2561 Ern.

83 2586 118 2636 de
130 2581 248 2632 tianensi
254 2579 265 2648 ]
285 2580 317 2629 de
334 2577 458 2628 hennensi
471 2573 529 2628 Vit.
541 2604 576 2614 -
590 2577 623 2627 de
633 2575 754 2627 steinensi
766 2574 837 2626 Ven.
853 2575 878 2629 1.
889 2574 918 2627 2.
930 2573 995 2626 Tul.

81 2646 410 2721 Segestonu18egestenn
424 2645 496 2702 Tut'
554 2654 559 2667 ¹
743 2670 746 2675 -
1069 2660 1071 2665 -

83 2719 172 2842 quod}
191 2717 341 2772 delendum
352 2714 473 2787 putabet
487 2715 557 2796 Erq.
587 2711 644 2768 Sed
658 2731 684 2770 r.
702 2709 843 2810 Matthiae
864 2709 1137 2782 Miscell.Critie.2,

50 2790 180 2861 spe.

82 2890 241 2961 declarant]
259 2888 383 2943 declarat
395 2886 454 2945 vit.

82 2963 219 3016 nonenim
234 2963 264 3014 id
281 2960 361 3032 agit]
377 2978 430 3012 nors
443 2959 511 3010 euim
528 2967 585 3008 turs
599 2955 630 3009 id
645 2970 672 3008 a.
690 2950 758 3009 sch.
974 3009 976 3014 ,

80 3045 113 3084 ut
131 3030 292 3099 insidietur]
311 3040 342 3080 ut
359 3031 532 3080 insidiantem
551 3027 668 3077 observet
684 3025 761 3084 Crat.
780 3019 892 3090 Gryph.
907 3023 933 3078 1.
948 3023 974 3078 2.
992 3051 1028 3063 -
1047 3034 1078 3073 ut
1094 3025 1137 3074 irr-

50 3106 207 3159 ridiotorem
220 3101 336 3151 observet
347 3099 381 3152 L.
396 3128 432 3139 -
448 3097 569 3167 Vulgata
582 3093 667 3147 lectio
683 3094 756 3147 bene
768 3107 798 3145 se
811 3091 906 3146 hebet.
924 3092 948 3159 §
962 3093 1024 3146 208.
1041 3093 1135 3158 „Nam

50 3173 199 3226 ruminent
214 3171 337 3236 auditor,
357 3169 403 3238 qui
412 3187 464 3218 non
484 3177 625 3230 vereatur,
644 3185 676 3214 ne
694 3164 856 3231 eorrrpositae
875 3165 1005 3211 orationis
1025 3163 1134 3225 insidiis

50 3239 179 3312 mafldee
195 3250 354 3305 attentetur,
377 3239 501 3306 gratiam
521 3253 622 3303 quoque
647 3234 727 3285 dubet
749 3232 854 3281 oratori
866 3231 1008 3297 ,reliquari
1026 3233 1134 3281 aurium

50 3309 200 3363 rervienti.“
229 3307 347 3376 Quinct.
361 3306 420 3371 IX,
439 3306 465 3371 4,
484 3308 544 3361 129.
566 3305 684 3370 „Totum
706 3311 794 3352 autem
814 3300 864 3350 hoe
885 3300 1062 3350 adleibendum
1080 3312 1134 3364 est,

50 3382 118 3450 quod
132 3380 169 3430 sit
182 3379 297 3446 emplius
312 3374 518 3444 compositionis
523 3392 623 3445 genus,
642 3391 701 3424 eum
718 3372 800 3421 iudex
814 3388 866 3419 reon
884 3368 969 3419 solum
984 3388 1038 3418 rem
1054 3379 1134 3434 tenet,

50 3452 95 3502 red
115 3451 198 3547 etiaqt
220 3459 316 3520 eaptus
333 3459 375 3500 est
399 3447 535 3511 oratione,
562 3454 588 3496 et
608 3461 637 3494 se
657 3440 742 3492 eredit
762 3438 850 3491 ueto'ri
872 3450 899 3489 et
921 3436 1058 3506 voluptate
1078 3438 1134 3490 iam

50 3519 175 3572 ducitur!
418 3530 421 3545 ¹

79 3590 130 3641 sed
141 3586 217 3654 iarn]
233 3587 282 3638 eed
296 3587 377 3638 etiam
388 3589 458 3639 Ven.
472 3585 498 3639 Ξ.
507 3581 574 3637 Tul.

80 3658 204 3727 anquirit
217 3659 281 3725 quid
295 3655 449 3727 reprendet]
477 3653 525 3705 Sic
543 3649 641 3721 recepi
661 3666 677 3701 e
695 3649 749 3700 Dr.
770 3675 788 3688 -
812 3645 837 3698 is
859 3643 937 3698 enim
949 3644 1001 3699 ‘sic
1021 3642 1136 3699 exhibet

50 3729 150 3782 rerba:
170 3727 291 3793 adquirit
304 3727 369 3796 quid
385 3727 534 3794 reprendet.
550 3753 583 3762 -
599 3722 717 3790 anquirit
731 3719 800 3786 quod
811 3715 960 3785 prehendat
973 3717 1041 3768 Veu.
1061 3716 1087 3769 2.
1097 3741 1133 3755 -

50 3797 166 3866 requirit
180 3798 245 3869 quid
254 3796 421 3864 praehendat
435 3793 513 3847 Med.
538 3820 573 3832 -
596 3789 708 3859 inquirit
725 3788 794 3856 quod
804 3786 806 3791 ’
817 3784 964 3853 prehendat
985 3783 1044 3841 vit.
1066 3785 1135 3837 Ven·

50 3872 69 3925 i.
85 3865 154 3923 Tul.
168 3866 326 3935 -inquirit
339 3867 409 3935 quod
422 3864 594 3932 reprehendat
614 3858 698 3912 Aldd.
718 3857 733 3910 J
736 3874 763 3912 n.
780 3861 809 3908 ei
823 3861 943 3909 recenti.
1029 3860 1032 3865 '

116 4006 179 4062 ert.
214 4006 283 4068 [nee
297 4003 356 4057 dico
371 4000 540 4068 -partiiueJ
557 4003 619 4054 Hos
632 4006 728 4051 totum
748 3980 911 4047 menibrum
927 3988 1136 4061 interpolatum

50 4084 136 4140 suto,
154 4073 184 4127 id
200 4072 277 4144 quod
290 4068 455 4141 praesertim
470 4084 503 4121 ex
515 4068 573 4122 illis
587 4067 680 4121 verbis
697 4082 776 4132 quam
795 4064 853 4132 ipse
868 4058 982 4113 includit
998 4060 1137 4129 cognosci

50 4154 150 4198 sotest.
165 4153 220 4212 ipse
232 4142 308 4195 enim
320 4140 355 4191 od
372 4136 541 4189 Cicereium
554 4138 656 4189 reterri
680 4135 771 4187 debet.
803 4131 896 4186 Verba
916 4139 983 4182 sunt
1003 4130 1134 4201 magistri

50 4209 197 4271 ininsdam
216 4212 258 4266 ite
273 4209 368 4283 pueris
386 4203 602 4276 praeeipientiss
633 4205 736 4258 Cicero
756 4200 845 4272 dicit,
872 4216 1056 4255 numerosam
1075 4216 1138 4252 ora·

254 4296 261 4320 ι
570 4280 577 4319 1
1002 4271 1004 4277 ”
1046 4280 1048 4283 ·
