2476 4546
112 226 133 290 s
505 162 767 289 *oneror

112 368 287 460 perfectae
304 367 516 458 eloquentiae
536 368 683 460 speciem¹
707 366 822 437 animo
846 366 1017 450 videmus,
1046 366 1191 456 effigiem

23 558 26 563 4
56 483 90 538 to
110 475 249 541 auribus
269 472 475 562 quaerimus.
523 472 593 540 Has
617 494 738 539 rerum
767 468 897 539 farinae
927 471 1080 561 appellat
1112 470 1191 553 tuter

112 576 170 643 ille
194 599 264 643 non
283 575 496 665 intelligendi
517 577 646 657 solum,
674 576 734 642 sed
758 575 860 643 etiam
880 573 1016 641 dicendi
1038 572 1191 659 gravissi,-

57 687 59 691 ’
112 680 188 746 mus
209 689 331 746 auctor
351 691 390 745 et
408 676 581 766 magister,
608 678 721 745 Plator
757 698 880 764 easque
899 677 992 764 gigni
1014 678 1134 764 neget,
1162 684 1204 761 at,

111 783 161 849 ait
187 804 325 871 semper
353 802 426 847 esse
462 803 502 847 ac
529 780 663 846 ratione
693 793 728 847 et
758 779 979 868 intelligentia
1016 778 1191 847 contin‘erie

113 897 226 953 cetera
252 883 361 970 nasci,
396 882 571 962 occidere,
603 883 731 964 fluere,
765 883 849 966 labi,
874 905 942 953 nec
972 882 1103 949 diutius
1130 902 1191 949 eree

112 1011 183 1055 uno
202 996 241 1057 et
259 989 379 1056 ecdem
395 999 496 1055 statu.
556 985 731 1077 Quidquid
751 998 805 1052 est
821 985 945 1073 igitur,
983 986 1029 1051 de
1051 1007 1124 1073 quo
1141 1008 1192 1053 re.-

113 1088 205 1157 tione
226 1101 262 1175 et
284 1089 342 1158 via
364 1089 575 1180 disputetur,
611 1087 647 1155 id
668 1098 720 1155 est
743 1087 789 1157 ad
808 1089 966 1157 ultimam
986 1087 1042 1157 sui
1061 1087 1191 1177 ‘generis

111 1189 259 1261 formam
278 1189 495 1279 speciemque
512 1191 743 1279 redigendum.
1045 1280 1049 1285 ι
1077 1274 1083 1285 θ

52 1291 84 1349 ¹1
198 1293 250 1365 Ae
275 1293 395 1374 video,
430 1297 518 1361 bano
537 1294 687 1384 primam
713 1295 957 1384 ingressionem
984 1280 1104 1363 ineam
1131 1316 1192 1363 non

111 1415 155 1462 ex
177 1396 330 1464 oratoriis
356 1395 638 1487 disputationibus
668 1398 807 1464 ductam
849 1399 910 1464 sed
938 1418 960 1461 e
979 1398 1099 1465 media
1120 1398 1195 1489 pbi-¹

108 1497 227 1597 lopbia
248 1499 450 1589 repetitam,
485 1511 520 1566 et
540 1523 616 1568 eam
644 1501 783 1589 quidem
810 1522 891 1567 cum
917 1500 1098 1588 antiquam
1127 1511 1193 1567 tum

107 1590 352 1670 subobscuram
381 1613 440 1669 aut
461 1604 733 1692 reprehensionis
765 1602 892 1689 aliquid
920 1613 981 1669 aut
1013 1614 1112 1669 certe
1136 1602 1193 1669 ad-

108 1700 301 1771 mirationis
325 1704 531 1773 babituram.
574 1706 662 1777 Nam
684 1710 741 1774 a'ut
760 1703 996 1779 mirabuntur,
1019 1700 1194 1792 quid‘ba'eo

87 1796 307 1894 pertineant
327 1808 370 1875 ad
402 1831 458 1893 ea,
496 1830 586 1897 quae
610 1808 825 1896 quaerimus,
869 1806 996 1897 quibus
1020 1806 1195 1895 satisfaciet

107 1928 164 1975 res
182 1908 258 1998 ipsa
280 1912 429 1998 cognita,
458 1923 588 1978 utnon
610 1911 683 1978 sine
704 1932 805 1978 causa
824 1909 892 1976 alte
914 1906 1060 1996 repetita
1083 1908 1195 1977 videa·

107 2020 182 2090 tur;
205 2023 267 2079 aut
287 2012 557 2106 reprehendent,
581 2017 671 2104 quod
688 2014 863 2081 inusitatae
887 2010 960 2080 viae
981 2010 1194 2099 indagemus,

109 2176 320 2219 Μ-

142 2269 262 2341 effigiem
281 2275 390 2326 auribus
406 2275 575 2345 quaerimur]
601 2272 713 2342 efficiere
730 2291 749 2325 a
765 2273 841 2328 nobie
857 2270 1018 2345 quaeritasse.
1034 2271 1096 2325 vi.

178 2345 220 2396 10.
255 2342 353 2410 ἰδέας]
380 2344 432 2402 Or.
453 2343 548 2397 Ceteri
565 2346 651 2397 ideae.
678 2356 680 2361 ’
1083 2368 1096 2379 ·=
1124 2342 1128 2347 '

143 2412 334 2483 ἀμαθίην]
360 2430 418 2467 om.
435 2414 508 2468 Kob.
527 2412 608 2466 Med.

141 2489 170 2530 et
187 2489 225 2533 cit
242 2483 358 2552 emper]
379 2495 405 2534 et
417 2495 466 2535 aut
480 2502 581 2548 semper
598 2483 652 2541 Dr.

141 2549 341 2622 intelligentia]
366 2551 513 2621 diligentia
529 2554 612 2605 Mon.

142 2621 281 2690 cecidere]
306 2623 444 2674 concidere
460 2623 542 2674 Mon.

142 2706 193 2739 uno
216 2701 244 2741 et
262 2691 370 2758 eodem]
395 2706 453 2745 om.
472 2703 497 2741 et
512 2690 584 2747 Kob.

48 2784 52 2788 ·
141 2760 180 2809 cel
195 2758 338 2825 ultimam]
363 2761 401 2811 ccl
419 2759 568 2813 utilitatem
584 2760 636 2813 Dr.

176 2831 220 2882 11.
255 2833 299 2880 Ae
315 2829 410 2896 virleu]
439 2848 474 2881 ae
489 2832 581 2896 judico
599 2828 654 2885 vit.
1081 2850 1085 2855 ’

141 2915 176 2948 ex
193 2899 332 2979 oratoriis]
364 2897 524 2953 Strebaeue.
556 2899 648 2952 Gron.
665 2896 704 2950 ad
728 2895 788 2950 Gie-
809 2895 893 2951 Brut.
910 2912 936 2951 e.
955 2895 1006 2962 89,
1023 2893 1088 2951 305.
1112 2892 1199 2950 schir·

106 2964 173 3019 sch.
193 2968 243 3022 Or.
262 2997 297 3008 ·-·
314 2970 430 3020 oratorie
452 2971 504 3020 Dr.
522 2969 633 3021 Nonius
660 2983 683 3018 s.
706 2985 732 3021 v.
754 2970 896 3034 ingressus.
921 2965 1123 3038 plurimaeque
1138 2963 1199 3019 edd

107 3064 144 3075 -
160 3055 195 3087 ex
209 3049 346 3088 oratorum
363 3037 421 3089 vit.
456 3038 527 3091 Vide
544 3037 580 3092 ad
594 3040 656 3119 c'ap.
670 3040 711 3093 19.
731 3035 839 3087 aculeos
856 3038 996 3088 oratorios.

143 3108 191 3157 sed
208 3125 221 3168 e
238 3105 336 3174 media]
354 3108 401 3157 sed
417 3109 451 3158 de
462 3112 550 3160 medis
557 3109 668 3160 Nonius
681 3104 844 3175 ap.Perotti
858 3103 1117 3174 CornucopBesil.
1127 3102 1200 3163 1586.

143 3194 203 3226 crem
220 3177 359 3243 critiqucm
382 3188 438 3227 tum
460 3174 666 3245 eubobeeurcm]
702 3187 759 3226 tum
784 3177 925 3245 antiquam
950 3174 1127 3229 iamavit.
1149 3174 1200 3231 Dr.

111 3244 169 3298 Gu.
183 3244 211 3298 3.
230 3245 308 3302 Med,
326 3243 392 3298 Sch.
411 3248 436 3301 2.
453 3274 490 3288 -
507 3259 563 3298 eum
577 3248 716 3313 antiquam
737 3263 796 3295 eum
816 3266 839 3298 a.
857 3245 926 3296 Ven.
946 3246 971 3300 1.
1008 3244 1150 3312 Quamvis
1165 3242 1201 3296 eit

110 3313 243 3377 difficile,
262 3314 337 3367 banc
350 3313 528 3370 locutionem
549 3327 694 3369 eum-tam
711 3323 844 3367 accurate
861 3312 1036 3378 describere,
1054 3323 1155 3367 tamen
1171 3310 1200 3365 io

111 3401 144 3436 aa
164 3399 197 3435 re
219 3384 326 3454 aliquid
348 3385 425 3454 quod
445 3386 478 3438 in
497 3384 661 3439 univercum
676 3383 832 3437 tenendum
855 3383 907 3446 sit,
931 3392 1034 3452 potest
1054 3380 1201 3435 cometitui.

110 3453 161 3506 vie
175 3453 252 3513 enim
273 3453 370 3507 nativa
386 3456 541 3522 particulae
555 3474 613 3508 eum
630 3456 737 3507 certem
751 3453 862 3521 aperire
876 3452 988 3505 videtur
1005 3452 1089 3505 viam.
1126 3454 1200 3503 Cun-

112 3534 169 3575 tum
185 3522 221 3574 iia
238 3522 269 3574 in
285 3523 357 3577 locie
373 3523 497 3592 dicitur,
516 3525 566 3578 ubi
579 3524 658 3595 prius
678 3523 842 3576 membrum
864 3540 979 3576 causam
995 3521 1128 3576 continet
1144 3520 1200 3573 eiue

112 3591 187 3663 quod
213 3591 245 3645 in
268 3593 393 3649 recondo
416 3595 548 3648 membro
574 3592 755 3649 renunciatur«
808 3592 989 3655 Ubicumque
1021 3591 1113 3660 igitur
1147 3590 1201 3645 dno

111 3660 240 3714 membra
262 3662 304 3714 ita
323 3671 391 3716 sunt
415 3672 593 3733 comparata,
632 3672 665 3717 ut
684 3661 853 3729 praecedens
870 3662 987 3714 alterius
1012 3659 1093 3731 quasi
1117 3674 1202 3713 cauea

113 3731 236 3801 cogitari
257 3733 360 3799 possit,
379 3749 446 3786 cum
471 3733 620 3802 particulis
638 3744 786 3784 ‘eum-tum
803 3748 862 3782 non
874 3748 949 3783 ⁴cum
972 3741 1116 3782 tum-tum
1134 3730 1201 3795 iun·

112 3809 227 3870 guntur.
265 3803 312 3854 Sic
326 3803 357 3854 iu
375 3812 475 3856 nostro
489 3804 590 3860 three
604 3803 676 3855 ratio
692 3801 766 3853 valet
783 3820 842 3851 eum
865 3804 1011 3868 antiquam*
1025 3813 1083 3849 rum
1103 3799 1202 3853 eubul-

111 3871 253 3925 aceronti.
272 3889 296 3928 e.
314 3875 379 3941 quia
396 3876 565 3941 antiquaret
583 3872 731 3940 disputatio
750 3889 822 3935 mea,
847 3878 886 3920 eit
903 3872 1072 3922 subobscura.
1126 3878 1130 3885 “

147 3941 212 4010 quid
229 3941 314 4009 leaee]
341 3944 454 4012 adquiri
470 3943 536 3995 leaec
548 3944 708 4014 pertineant.
727 3943 764 3992 ad
780 3959 812 3992 ea
829 3961 855 4010 q.
874 3939 930 3993 Vit.
945 3937 1009 3994 ada
1024 3956 1064 3992 m.

147 4020 178 4060 ut
195 4015 266 4077 nore]
289 4025 313 4061 et
331 4031 382 4062 acu
398 4012 473 4066 Kob.
1156 4052 1160 4059 .

147 4089 198 4130 aut
213 4080 398 4147 reprehendent
417 4085 488 4149 quod
505 4079 734 4151 i.v.e'ndagemus]
755 4090 804 4129 aut
821 4078 987 4148 reprehendet
1004 4076 1061 4128 vit.
1083 4075 1156 4129 Ver.
1173 4075 1201 4131 2.

113 4174 147 4185 -
165 4157 213 4198 aut
224 4149 413 4217 reprehendant
427 4154 497 4220 quod
513 4154 534 4208 i.
548 4171 573 4206 v.
587 4153 747 4220 indagamus
763 4147 840 4201 Med.
855 4148 920 4199 Tul.
936 4145 1023 4213 Kob.,
1042 4144 1092 4212 qui
1105 4154 1200 4198 tamen
1221 4192 1225 4197 .

107 4214 266 4284 aequamus
282 4219 427 4287 expressit.
445 4251 479 4262 -
497 4223 659 4294 indagamus
677 4220 749 4275 Van.
767 4221 843 4272 1.-
861 4219 927 4286 quid
944 4217 966 4267 ι’.
982 4235 1008 4267 υ.
1026 4214 1083 4269 vit.
