2476 4546
131 193 181 247 11.
466 194 492 250 P
512 196 542 251 B
562 196 587 251 0
608 197 633 252 0
654 199 680 253 lt
699 200 732 253 dl
751 202 766 256 1
785 202 813 258 U
831 202 872 260 Μ.

142 372 276 454 gnorat
326 365 381 434 Ac
406 364 518 434 fateor
542 389 599 435 me
622 368 829 458 praestantia
852 393 978 460 rernm,
1003 398 1096 465 qnae
1115 377 1200 449 inan
1231 390 1238 440 t

131 516 330 639 noctanter,
362 564 399 623 et
422 555 548 624 laboris
573 553 778 627 difficultate
801 559 941 630 nimium
965 520 1132 654 quantam
1155 588 1199 637 rn-
1234 616 1236 622 ι

130 744 268 814 citatum
296 767 368 813 esse
391 743 684 835 simulatumque,
717 754 756 815 nt
779 756 873 819 reete
899 753 1087 843 exeducrer
1111 754 1199 827 critio‘

126 957 257 1003 mnnns.
291 866 381 1003 Cum
403 942 518 1003 autem
538 954 620 1001 mox
638 926 801 1023 riderem,
824 960 894 1008 non
909 965 981 1013 esse
997 968 1127 1041 magna
1138 947 1199 1017 sa&

127 1125 162 1213 ip
188 1125 310 1195 criticis
335 1120 437 1195 re'bus
468 1122 669 1194 auctoritate
701 1122 875 1216 praeditas
899 1131 1065 1202 aditiones
1091 1154 1198 1245 recen

98 1344 100 1349 ⁴
123 1314 235 1400 tiores,
263 1316 308 1385 ad
331 1315 564 1387 vetustissimas
584 1312 808 1408 potissimum,
834 1318 894 1408 qni
906 1318 984 1389 fons
1005 1331 1057 1399 eet
1077 1322 1199 1393 uberti·

80 1470 84 1489 =
122 1528 196 1574 mus
213 1507 378 1575 bonarum
393 1506 588 1591 lectionum,
602 1504 734 1587 reverti.
765 1506 881 1597 Atque
899 1510 1102 1581 conferendi
1114 1512 1200 1583 labor

120 1718 190 1764 non
215 1697 377 1766 molestus
401 1694 487 1764 mihi
511 1694 621 1779 risus,
646 1693 717 1763 imo
734 1692 992 1768 iucundissimus
1020 1656 1107 1789 fnit,
1132 1723 1201 1775 cnm

122 1885 285 1955 maiorem
306 1884 460 1975 qnotidie
477 1882 626 1953 frnctnm
643 1906 685 1952 ex
700 1907 741 1952 en
759 1905 797 1953 re
810 1880 948 1958 haurire
965 1891 1202 1965 meseonem

121 2038 259 2146 ¹(ior'rtnli
281 2084 372 2175 vero
386 2094 446 2143 sex
466 2082 501 2144 et
517 2071 636 2166 viginti
662 2068 836 2162 editiones,
858 2076 963 2147 ita'nt
985 2076 1122 2151 'nnllam
1135 2080 1204 2153 fem

118 2264 443 2358 praetermitterem,
477 2284 566 2353 quae
597 2269 655 2331 aut
679 2260 874 2359 cognitione
901 2276 1000 2337 esset·
1018 2234 1130 2365 digna
1151 2280 1205 2343 ant

118 2454 155 2525 in
180 2477 284 2545 quam
305 2452 454 2526 incidere
477 2450 682 2545 contigisset.
723 2452 835 2546 ldque
849 2454 971 2527 sednlo
984 2457 1055 2529 feci
1071 2482 1205 2533 omncs-

118 2668 186 2736 que
219 2643 332 2714 notavi
357 2590 519 2715 lectiones
545 2650 580 2710 et
597 2620 787 2713 'levissimas
812 2654 847 2715 et
871 2610 1104 2741 gravissimam
1139 2644 1205 2719 hoo

117 2835 208 2903 enim
232 2856 286 2904 res
310 2834 358 2902 ita
383 2836 458 2902 sunt
483 2832 712 2947 comparatae,
737 2840 777 2905 nt
802 2808 951 2906 ddnesse'
967 2810 1012 2906 sit
1034 2836 1206 2928 praescri-

115 3026 216 3112 bere,
250 3022 333 3114 quid
358 3021 399 3090 sit
421 3023 521 3114 parvi
545 3022 708 3092 momenti
733 3023 858 3115 quidve
883 3010 1011 3119 magdi'
1055 3023 1205 3097 Ornnetn

117 3226 230 3284 antem
262 3212 457 3283 varietatem
489 3210 524 3279 in
562 3210 746 3282 editionem
770 3234 883 3282 meam
912 3198 1030 3300 intuli,
1063 3222 1103 3285 nt
1128 3238 1205 3285 mo-

115 3403 180 3473 lius
199 3402 355 3495 ¹quisque
383 3402 594 3498 perspiceret
623 3398 752 3490 totum,
789 3408 826 3472 et
857 3402 995 3472 omnino
1026 3402 1205 3498 intellige·

117 3603 186 3680 ret,
215 3556 298 3684 qnid
326 3616 368 3664 ex
394 3582 570 3665 codicibus
595 3590 641 3660 sit·
661 3599 791 3678 ortum,
823 3588 976 3682 quidque
999 3592 1044 3660 ab
1062 3590 1205 3661 editdri·

115 3766 178 3855 iios
219 3784 378 3874 deinceps
427 3780 667 3867 constitutum,
716 3786 960 3872 postremoque
998 3784 1036 3862 nt
1077 3781 1204 3873 cuique

116 3976 224 4045 maior
249 3974 291 4044 sit
314 3971 417 4064 copia
442 3992 484 4041 ac
508 3944 664 4054 facultas,
694 3916 873 4039 exercendi
897 3969 1072 4062 ingenium
1103 3992 1202 4039 sunm

114 4172 153 4235 et
171 4171 353 4256 connptos
377 4170 464 4253 qnos
491 4182 560 4254 ego
586 4168 730 4253 tangere
754 4159 850 4227 notui
874 4155 1076 4228 emendandi
1092 4156 1201 4228 locos
