2476 4546
309 233 380 302 Au
404 185 656 313 unacum
689 225 925 313 nuuruu
1137 227 1183 326 of

64 391 172 463 tritas
192 388 435 474 relinquamus.
483 384 557 471 Ego
583 397 698 450 autem
726 394 760 449 et
785 405 842 448 me
870 400 971 471 saepe
987 401 1088 447 nova
1105 376 1159 445 vi·
1181 389 1216 445 12

66 494 148 563 deri
163 491 286 557 -dicere
307 487 479 574 intelligo.
502 508 581 554 cum
606 499 784 576 pervetera
810 485 938 564 dicam,
974 485 1032 548 sed
1061 483 1163 548 inau-

67 594 143 667 dita
166 590 353 681 plerisque:
385 601 418 654 et
439 587 566 672 fateor,
594 613 652 656 me
681 603 870 667 oratorem,
909 588 939 653 si
965 585 1067 651 modo
1096 585 1162 651 sim
1208 671 1210 674 y

68 693 256 773 autetiam
281 692 488 779 quicumque
514 693 598 774 sim,
642 712 781 759 noncx
816 690 991 754 rhetorum
1021 686 1163 753 officinis

70 795 131 867 aed
146 817 190 861 ex
205 794 408 863 Academiae
428 793 545 881 spatiis
571 795 739 861 extitisse:
770 792 827 858 illa
843 795 933 858 enim
949 803 1028 858 sunt
1050 791 1164 857 curri-

69 886 155 967 cula
184 895 421 984 multiplicium
448 899 693 984 variorumque
722 915 939 975 sermonum,
981 894 1163 980 inquibus

70 999 225 1073 Platonis
248 999 399 1085 primum
423 1011 505 1066 sunt
526 999 691 1086 impressa
714 996 862 1082 vestigia.
913 997 979 1064 Sed
1003 1009 1038 1063 et
1060 996 1162 1062 huius

72 1115 111 1179 ,ct
133 1102 279 1169 aliorum
306 1101 591 1190 philosophorum
620 1097 902 1187 disputationibus
924 1111 958 1164 et
976 1100 1162 1185 exagitatus

71 1203 225 1274 maxime
247 1206 364 1269 orator
382 1216 433 1270 est
458 1218 491 1271 et
513 1203 659 1270 adiutus.
713 1202 834 1268 Omnis
858 1203 951 1270 enim
973 1202 1111 1270 ubertas
1128 1213 1163 1267 et

74 1305 172 1397 qnasi
190 1307 276 1377 silua
299 1306 433 1377 dicendi
448 1309 548 1373 ducta
566 1305 688 1372 abillis
709 1316 785 1380 ests
796 1328 859 1370 nec
872 1306 949 1371 satis
970 1317 1084 1375 tamen
1103 1306 1161 1373 in·

72 1420 202 1479 cuncta
224 1409 266 1477 ad
289 1407 441 1477 forenses
460 1431 594 1476 causas:
626 1430 727 1494 quas,
749 1418 788 1473 nt
801 1408 850 1474 illi
865 1396 928 1498 ipsi
944 1408 1054 1477 dicere
1072 1409 1162 1474 sole-

72 1513 175 1593 bant,
197 1511 434 1598 agrestioribus
446 1512 553 1580 Musis
569 1513 749 1600 reliquere.
796 1511 849 1577 Sic
871 1512 1062 1599 eloquentia
1075 1512 1159 1576 haec
1181 1497 1216 1555 13

72 1613 220 1685 forensis
233 1627 348 1700 spreta
370 1615 613 1704 aphilosophis
636 1627 670 1679 et
687 1615 866 1705 repudiata
887 1616 1003 1681 multis
1024 1614 1163 1701 quidem

72 1718 130 1791 illa
151 1714 575 1805 adiumentis-magnisque
595 1716 722 1798 caruit,
744 1716 802 1781 sed
821 1730 934 1783 tamen
950 1729 1069 1785 ornata
1081 1738 1163 1782 ver-

72 1818 124 1887 bis
147 1830 250 1908 atque
279 1819 453 1885 sententiis
479 1819 694 1886 iactationem
726 1817 844 1884 habuit
865 1819 902 1884 in
923 1806 1069 1908 populo,
1099 1842 1163 1883 nec

73 1940 263 2013 paucorum
298 1920 460 1989 iudicium
490 1922 858 2010 reprehensionemque
884 1920 1070 2009 pertimuit.
1113 1921 1163 1986 Ita

75 2037 109 2091 et
138 2023 248 2089 doctis
285 2023 479 2109 eloquentia
509 2024 685 2113 popularis
713 2033 748 2090 et
767 2023 899 2091 disertis
926 2025 1059 2111 elegans
1077 2023 1163 2089 doo-

74 2127 164 2195 nina
188 2118 309 2193 defuit'.
643 2136 646 2143 '
1215 2180 1218 2211 ἱ

161 2223 315 2297 Positum
329 2226 373 2292 sit
386 2227 494 2313 igitur.
507 2228 545 2295 in
566 2227 702 2317 primis,
726 2229 828 2316 (quod
843 2242 918 2318 post
937 2230 1043 2319 magis
1059 2227 1163 2298 intel·
1183 2219 1206 2285 4

75 2332 215 2420 ligetur)
237 2329 312 2396 sine
326 2329 541 2418 philosophia
562 2355 633 2398 non
654 2355 752 2421 posse
773 2332 879 2416 effici,
906 2331 1161 2420 quemqueen·
1184 2320 1219 2381 14

76 2433 427 2523 mns,·eloquentem=
458 2456 527 2498 non
545 2446 585 2500 ut
605 2433 641 2499 in
662 2458 702 2500 ea
724 2446 837 2502 tamen
863 2440 977 2522 omnia
991 2437 1076 2523 sint„
1102 2434 1162 2501 sed

75 2549 117 2605 ut
149 2536 199 2603 sio
236 2533 373 2601 adiuvet
405 2545 445 2599 ut
476 2536 644 2624 palaestra
677 2535 889 2608 histrionem.
929 2537 1164 2629 parva-eninr

49 2637 210 2727 ¹magnis
240 2660 340 2726 saepe
367 2637 554 2707 rectissime
586 2637 816 2719 confer-untur.
858 2636 942 2719 nam
969 2634 1034 2709 neo
1053 2640 1186 2728 'latius

78 2803 288 2821 -—-

146 2917 192 3003 ll.
228 2915 452 3001 cumperuetern]
471 2914 747 2999 quomVen.2.'1'ul.
767 2917 780 2939 ’“

75 3115 78 3121 ,
110 2985 812 3122 annuunt-‘stttttnlht.
829 3058 966 3131 aas.
983 3058 1102 3129 Χ...
1119 3057 1164 3115 ...

77 3125 188 3179 Auctor
202 3123 237 3176 de
247 3140 323 3178 oetas.
338 3141 409 3176 corr.
425 3124 499 3194 eloq.
520 3143 544 3178 c.
558 3125 601 3180 32.
1018 3140 1021 3145 ’

110 3194 165 3247 illo
177 3196 245 3245 enim
258 3195 339 3262 cunc]
358 3206 419 3244 sune
433 3197 501 3245 enim
514 3195 598 3246 Beier
611 3195 648 3246 ad
660 3195 716 3249 Cic.
730 3196 815 3250 offic.
834 3199 867 3250 Τ.
883 3201 909 3254 2.
928 3217 956 3268 p.
970 3199 1031 3252 296.
1116 3197 1119 3206 ’

110 3261 319 3332 multiplicium]
339 3263 516 3332 multiplicum
528 3264 584 3316 vit.
598 3265 651 3317 Dr.
668 3267 748 3317 Mon.

111 3344 177 3386 eunt
190 3331 334 3401 impresso]
352 3331 407 3386 vit.
420 3334 473 3385 Dr.
490 3333 545 3385 Gu.
554 3335 580 3389 2.
590 3332 615 3386 3.
635 3335 716 3387 Mon.
729 3337 799 3389 Ven.
812 3336 835 3388 1.
845 3338 870 3390 2.
888 3336 966 3388 Med.
976 3341 1038 3392 Asc.
1049 3337 1094 3391 Cr.
1103 3335 1165 3391 Ald.

75 3403 143 3460 Tul.
158 3401 257 3455 Lamb.
272 3401 346 3456 Vict.
360 3402 411 3455 Or.
424 3431 458 3442 -
473 3404 601 3472 impressu
613 3416 672 3454 ssent
687 3406 764 3458 lunt.
777 3407 856 3459 Man.
870 3406 940 3460 Ern.

109 3476 159 3525 ced
173 3481 200 3520 et
215 3469 311 3533 nutus]
330 3482 355 3523 el
369 3489 425 3527 om.
441 3472 509 3525 Vcn.
523 3475 550 3529 2.

109 3559 162 3593 nee
174 3539 243 3591 cotie
255 3541 358 3609 tomen]
379 3553 468 3593 tomen
481 3545 550 3593 sotio
566 3545 635 3601 Ven.
651 3544 678 3600 2.
696 3542 761 3599 Tul.

99 3609 253 3685 forenses]
265 3607 399 3678 forenseie
413 3611 512 3665 Lemb.

109 3678 263 3744 reliquere]
281 3678 379 3733 vtt-
394 3679 487 3732 Ceteri
499 3679 668 3750 reliquerunt.

133 3747 195 3804 ¹13·
228 3747 320 3799 multis
333 3751 437 3817 quidem
450 3749 522 3817 illo]
540 3750 632 3802 multis
646 3750 750 3821 quidem
762 3751 818 3804 inm
830 3750 888 3806 Vit.

107 3817 308 3886 iactationem]
317 3820 468 3871 ‚iectionem
482 3820 535 3872 Dr.

108 3886 243 3943 iudicium
255 3888 540 3958 reprehensionemque]
560 3888 688 3948 iudicium
704 3889 927 3956 inclusionemque
939 3889 996 3944 Vit.

147 3957 221 4024 Cap.
239 3953 266 4010 4.
301 3957 344 4014 14.
379 3956 561 4027 intelligetur]
579 3958 741 4023 intelligitur
752 3959 819 4014 Ven.
833 3961 858 4017 l.
875 3959 956 4020 Med.

110 4027 207 4079 omnio
221 4025 292 4094 sint]
312 4031 366 4078 sinc
383 4030 472 4079 omnin
485 4029 585 4086 Lamb.
718 4078 721 4083 .

109 4099 145 4149 icc
157 4092 214 4161 sic]
234 4095 275 4147 sic
287 4112 344 4151 om.
361 4097 428 4150 Ven.
443 4098 468 4150 1.
488 4097 567 4150 Med.
662 4128 665 4135 ν
1074 4158 1077 4163 ,

110 4185 163 4218 nec
177 4164 259 4216 latius
270 4184 318 4217 nce
331 4166 479 4236 copiosius]
497 4186 578 4236 neque
591 4167 675 4220 latius
690 4167 1176 4240 atquccopioaiusnussum-nse

73 4236 165 4292 latius
178 4245 292 4305 unques.
308 4234 363 4290 Vis.
382 4264 417 4278 -··
433 4256 483 4292 nec
498 4236 549 4296 lot.
565 4258 649 4314 neque
663 4259 686 4296 c.
701 4240 781 4301 Kob.
