2476 4546
268 242 337 313 AD
375 228 604 308 MARCUM
639 237 871 308 BRUTUM.
1066 245 1110 311 13

50 397 182 467 :iectus
213 399 306 465 inter
330 395 408 477 hos,
443 393 576 462 medius
602 407 636 459 et
660 395 757 483 quasi
783 406 1012 486 temperatus,'
1047 418 1111 464 nec

50 503 185 569 ¹umine
205 500 435 588 posteriorum
458 521 522 563 neo
542 498 686 564 fulmine
707 511 805 564 utens
820 498 1049 586 superiorum,
1070 512 1111 565 ut

50 629 146 673 nnus
174 601 377 680 amborum,
403 600 441 666 in
467 613 589 687 neutro
614 601 800 680 excellens,
831 602 1008 689 utriusque
1028 625 1110 690 par-

51 732 146 797 ceps,
177 707 238 773 vel
263 706 439 790 utriusque
466 702 509 786 (si
533 725 655 770 verum
680 705 885 792 quaerimus)
915 703 1028 791 potius
1047 727 1111 769 cx-

50 833 112 877 ›ors
153 810 336 896 Isqueuno
350 817 484 886 tenore,
506 817 545 870 ut
563 806 673 885 aiunt,
693 809 731 873 in
757 807 897 873 diceudo
910 806 1003 888 fluit,
1024 804 1109 872 nibil

50 913 171 980 tterens
191 914 325 998 praeter
345 905 539 975 facilitatem
566 920 601 973 et
621 910 908 994 aequabilitatem,
940 920 999 974 aut
1016 907 1109 974 addit

50 1016 158 1101 sliquos
175 1024 215 1077 ut
233 1013 270 1076 iu
290 1033 415 1076 corona
436 1022 547 1092 toros,
572 1034 777 1096 omnemque
795 1011 981 1078 orationem
1002 1034 1110 1078 onra-

50 1118 152 1187 nautis
180 1113 325 1181 modicis
361 1113 546 1207 verborum
580 1115 891 1203 sententiarumque
923 1114 1107 1211 distinguit.

50 1218 158 1287 llorum
176 1217 386 1305 singulorum
408 1239 572 1302 generum
596 1218 800 1304 quicumque
816 1218 888 1284 vim
912 1218 949 1283 in
969 1216 1106 1303 singulis
1125 1216 1162 1277 22

54 1319 197 1387 consecuti
221 1328 317 1399 sunt,
354 1341 516 1405 magnum
543 1322 580 1387 in
602 1319 792 1386 oratoribus
820 1342 945 1386 nomen
973 1320 1109 1385 babue-

54 1434 123 1489 nu
160 1421 228 1490 Sed
254 1422 486 1510 quaerendum
516 1434 581 1506 est,
619 1424 741 1489 satisne
763 1421 799 1487 id
827 1423 919 1509 quod
948 1422 1107 1511 uolumus

56 1524 208 1593 effecerint.
741 1530 745 1535 “

116 1628 275 1698 Videmus
291 1628 383 1695 enim
403 1625 505 1695 fuisse
522 1626 704 1714 quosdam,
735 1627 794 1714 qui
816 1625 922 1693 iidem
940 1639 1059 1695 ornate
1073 1639 1106 1695 et
1126 1642 1149 1706 7

56 1731 193 1816 graviter,
229 1730 335 1797 iidem
355 1741 488 1795 versute
518 1741 551 1795 et
579 1729 746 1794 subtiliter
775 1730 932 1796 dicerent.
993 1731 1106 1818 Atque

56 1833 158 1901 utinam
180 1833 216 1899 in
231 1832 357 1898 Latinis
376 1833 449 1897 talis
468 1833 613 1897 oratoris
631 1832 848 1898 simulacrum
863 1832 1015 1922 reperire
1026 1857 1106 1922 pos·

57 1940 154 2002 semus!
176 1946 259 2001 esset
271 1933 444 2020 egregium
467 1958 536 2000 nou
556 1957 717 2023 quaerere
737 1947 895 2018 externa,
915 1934 1105 2002 domesticis

56 2094 234 2115 *—

80 2196 242 2266 temperatue]
264 2196 447 2271 temperandus
461 2195 514 2248 Dr.
527 2194 598 2251 Van.
612 2196 637 2249 1·
652 2197 679 2251 2.
697 2196 777 2250 Med·
792 2197 858 2254 Tul.

80 2265 251 2332 anselmine]
265 2264 377 2332 flumine
390 2282 433 2332 ap.
447 2265 581 2332 Nonium,
600 2265 667 2318 Erm

80 2335 204 2402 accianus]
223 2335 359 2387 SicMon.
369 2351 386 2384 a
400 2336 423 2387 1.
440 2349 477 2389 rn.
487 2335 748 2390 om.ue.2dahabet
761 2336 873 2389 vicinus.
904 2333 992 2389 Cuius
1005 2343 1101 2390 autem

55 2399 135 2453 codicia
148 2412 175 2457 et
186 2403 273 2456 Nonii
288 2403 441 2463 auctoritas
458 2404 613 2471 plurimum
632 2404 725 2456 valere
747 2404 831 2456 debet
845 2422 878 2457 ac
890 2406 1058 2473 praesertim
1070 2408 1101 2456 in

55 2468 95 2520 ali
104 2486 141 2538 re,
156 2473 213 2525 ub's
217 2473 332 2542 elegans
344 2480 372 2524 et
388 2473 600 2537 exquisitissima
613 2473 720 2525 locutio
735 2484 834 2526 contre
848 2473 947 2526 tritum
958 2475 1102 2542 quoddam

54 2548 139 2607 pugnat
150 2542 258 2595 dicendi
273 2558 371 2610 genus.
407 2544 497 2593 Nemo
512 2551 605 2594 sutem
628 2542 754 2610 putabit,
771 2542 942 2595 vocabulum
956 2546 1058 2595 vicinus
1076 2543 1101 2595 si

54 2619 130 2661 vuum
139 2621 222 2678 esset,
240 2604 367 2732 unqdqn
386 2611 473 2664 titisse
487 2613 517 2663 in
534 2613 653 2664 alterurn
674 2625 703 2662 ut
719 2617 811 2662 cianus
824 2621 975 2666 mutatum.
1000 2621 1102 2665 contre

53 2686 77 2723 ut
87 2678 161 2731 cinnas
171 2681 320 2733 librarium
346 2680 417 2732 acile
429 2681 459 2747 in
474 2697 597 2732 errorem
614 2681 747 2733 inducere
761 2689 879 2749 poteret,
890 2682 931 2734 lta
944 2691 977 2732 ut
987 2685 1099 2747 vicinae,

54 2741 345 2823 frequmsvocabulum
359 2750 472 2817 legeret.
485 2752 514 2801 in
528 2753 669 2821 scriptura
685 2751 759 2802 enim
772 2759 924 2819 utrumque
935 2751 1018 2803 valde
1032 2768 1101 2802 con-

55 2814 125 2866 nmile
140 2829 185 2873 est.
207 2833 236 2871 ut
256 2824 349 2870 cianus
369 2820 440 2871 Vict.
465 2821 573 2872 Camer.
595 2823 626 2872 L.
647 2822 715 2873 Ern.
738 2819 829 2874 Sohir.
849 2823 952 2872 vicinus
971 2821 1028 2875 vit.
1045 2821 1100 2875 Dr.

54 2876 108 2938 lau.
119 2888 138 2941 l.
150 2894 174 2942 2.
189 2887 268 2942 Med.
284 2891 345 2944 Aac.
362 2888 443 2941 Aldd.
455 2890 519 2941 Tul.
533 2893 576 2941 lu.
589 2888 654 2945 Sch.
669 2890 721 2942 Or.

81 2952 104 3002 ἰ»
113 2959 206 3027 neutro]
226 2978 261 3009 (ιη
274 2971 365 3008 neutro
376 2958 428 3011 Dr.
444 2986 479 2996 ·-
495 2973 584 3009 neutro
599 2976 643 3026 ap.
656 2961 730 3011 Non·
1068 2975 1073 2983 ·

81 3028 163 3095 expers]
178 3030 274 3092 expers
283 3029 336 3080 vit.
348 3028 385 3079 cb.
401 3027 451 3078 inf.
470 3030 545 3083 c.21.
564 3030 726 3097 tripartitae.
742 3024 875 3084 Schneid.
890 3024 923 3083 L.
932 3026 969 3083 G.
990 3029 1016 3085 1.
1029 3043 1058 3097 p.
1072 3026 1099 3084 9.

55 3083 128 3155 Spita.
142 3096 175 3148 ad
189 3098 256 3167 Qut.
269 3097 302 3148 T.
312 3096 335 3152 1.
354 3115 381 3165 p.
391 3097 450 3154 533.

76 3156 257 3224 festinamas
278 3166 512 3235 aequabilitatem]
525 3165 697 3231 ,facultatem
715 3178 741 3216 et
758 3167 978 3235 aequabilitatem
996 3167 1050 3218 Dr.
1062 3193 1097 3203 —

50 3220 182 3289 fucultatem
201 3236 417 3301 aequalitatem
437 3236 492 3286 Vit.
513 3234 584 3286 Ven.
610 3234 635 3290 l.
656 3239 682 3290 2.
706 3237 784 3288 Med.
809 3240 872 3288 Asc.
886 3239 912 3290 2.
931 3235 995 3287 Tul.
1015 3234 1097 3289 Aldd.

58 3291 181 3358 Cutltlct.
194 3305 292 3357 Lemb.
304 3306 387 3357 —De
401 3304 565 3355 contusione
575 3322 599 3354 v.
609 3304 736 3372 lacubus
750 3316 778 3356 et
789 3305 921 3373 facilitas
935 3303 1028 3370 Spald.
1040 3304 1099 3370 agit

58 3360 142 3436 tillut,
152 3373 182 3426 T.
190 3377 214 3429 2.
228 3393 254 3443 p.
263 3374 307 3427 48.
330 3376 375 3426 De
390 3373 541 3441 signifieat.
554 3375 651 3431 vocab.
661 3392 688 3428 v.
698 3375 766 3430 Ern.
777 3375 844 3429 Lex.
855 3372 938 3429 Rbet.
947 3387 973 3426 r.
982 3370 1097 3444 facilis.

83 3435 163 3506 aliquoi
173 3456 200 3493 ut
217 3447 266 3506 iu]
284 3460 341 3494 oms
355 3455 384 3493 ut
400 3445 451 3496 Dr.
640 3472 644 3481 ¹

82 3516 104 3553 Ν
114 3511 136 3559 in
147 3518 257 3578 corona]
275 3512 313 3563 al.
329 3530 376 3582 ap.
389 3516 451 3566 Asc·
466 3514 491 3569 2·
513 3513 622 3585 Coryna.

82 3580 148 3648 taret]
168 3582 256 3634 eborae
270 3584 352 3634 Mon.
1113 3637 1116 3641 ἱ

108 3646 140 3702 22
168 3655 219 3701 vim
232 3655 260 3703 in
272 3650 396 3719 singulis]
416 3649 463 3703 Sic
475 3650 529 3703 Vit.
550 3650 733 3705 constructio
743 3660 835 3705 atatem
852 3653 1008 3707 verborum
1025 3646 1097 3704 baec

59 3713 99 3758 0⁸2²
113 3716 173 3791 quja.
188 3719 217 3771 in
235 3721 307 3788 sing,
322 3720 422 3772 borram
437 3738 459 3773 s.
471 3737 605 3791 generum
625 3739 702 3775 conr.
717 3741 738 3777 s.
750 3722 858 3778 vim-1-
874 3724 1036 3792 Opponitur
1047 3739 1097 3775 eu·

58 3776 131 3847 {tuis
152 3799 253 3851 orator,
272 3789 393 3858 quinon
413 3789 442 3840 in
467 3800 648 3843 unotantum
668 3793 894 3860 generedicendi
912 3792 1028 3856 floruit,
1046 3790 1097 3842 sed
1142 3803 1144 3807 '

59 3851 193 3911 mamutius
204 3860 289 3911 simul
302 3860 451 3913 maximam
464 3870 628 3911 consecutus
650 3872 692 3912 est
710 3864 776 3920 vim.
794 3863 909 3932 singulis
929 3862 992 3913 edd.
1009 3874 1096 3928 prope

60 3920 173 3989 tuum.—
186 3928 283 3998 singuli
297 3932 372 3983 coni.
391 3928 456 3983 Sclr.
470 3931 495 3982 2.
511 3930 549 3980 Le
565 3930 658 4000 Clerq.
673 3931 724 3984 Or.

87 4066 100 4079 „
109 4004 162 4074 (lep.
173 4013 198 4069 7.
231 4016 260 4065 r‘al
274 4015 485 4084 quodvalumun]
506 4030 561 4068 om.
577 4021 644 4077 quod
657 4017 708 4070 Dr.
858 4078 861 4082 Ι

83 4072 273 4154 sites-tidem]
294 4087 477 4135 idem-idem
491 4085 560 4141 Veu.
576 4083 639 4140 ’1.2.
658 4080 736 4151 Med.
753 4085 797 4138 Cf·
812 4083 888 4152 [ἦρε.
905 4082 1094 4152 vauhdstbl.

84 4152 154 4197 vnete
169 4152 208 4221 et]
226 4155 280 4208 vit.
297 4151 396 4209 Lumb.
410 4182 444 4192 —-
460 4166 553 4206 ornate
565 4172 599 4205 ac
612 4153 714 4210 Ceteri.
732 4167 812 4225 atque
824 4156 908 4209 Mon.

85 4219 184 4289 ‘umal
199 4228 318 4277 hesterna
333 4225 402 4281 ven.
415 4225 441 4280 1.
