2476 4546
134 247 179 315 so
566 240 794 345 olearon

136 400 280 482 cumque
301 396 430 463 animos
450 395 562 485 prime
583 398 793 485 aggressione
813 403 1046 491 occupaverit,
1072 405 1214 477 infirma·

136 498 186 564 bit
208 501 431 587 excludetque
451 501 637 574 coniecerim
662 501 926 594 &firmissimis
949 507 1016 573 alia
1031 509 1145 598 prima
1157 532 1211 599 po-

136 613 197 668 net
227 602 292 669 alia
323 616 512 691 postrema,
552 603 803 691 inculcabitque
832 608 970 677 leviora.
1038 612 1210 698 Atquein

113 740 118 747 -
136 704 258 792 primis
280 706 410 769 duabus
432 705 565 771 dicendi
586 706 737 795 paulibus
757 710 863 795 qualis
885 725 991 789 esset,
1024 711 1206 783 summatim
1234 705 1235 708 Ἴ

75 808 116 870 16
138 806 354 890 breviterque
376 809 622 898 descripsimus.
666 809 751 893 Sed,
774 822 814 875 ut
834 825 915 878 aule
935 814 1067 881 dictum
1090 827 1154 899 esi,
1178 816 1206 885 ia
1233 892 1237 899 ,

82 916 117 970 61
139 908 362 998 his‘partibus
395 911 470 991 (elsi
491 936 613 1003 graves
634 923 737 1000 atque
757 936 901 1002 magnae
922 917 1017 1004 sunt)
1048 918 1204 987 minuati
1235 970 1237 977 -

136 1013 217 1081 ar‘lis
240 1024 290 1077 est
311 1024 344 1079 et
363 1014 497 1082 laboris.
1118 1016 1122 1021 ’

223 1082 465 1199 cum¹autem,
505 1130 538 1184 et
565 1119 645 1206 quid
668 1128 787 1203 eiquo
808 1119 1009 1204 locodicat,
1044 1122 1201 1205 invenerit,
1234 1144 1237 1159 ¹

134 1218 219 1287 illud
244 1230 292 1283 est
313 1221 413 1307 longe
435 1222 638 1302 maximum,
677 1222 793 1286 videre
822 1247 969 1310 quonam
991 1228 1106 1292 modo.
1144 1224 1201 1295 sa·

137 1336 214 1390 tum
240 1335 286 1387 est
320 1324 427 1403 euim,
463 1324 553 1409 quod
585 1325 771 1391 Carneades
802 1328 917 1392 nost'er
948 1328 1062 1397 dicere
1087 1330 1199 1411 solebat,

137 1428 389 1495 Clitomachum
413 1426 532 1493 eadem
555 1428 682 1508 dicere,
720 1428 943 1495 Charmadam
967 1444 1084 1500 autem
1106 1434 1202 1500 eodem

139 1532 241 1598 eliam
264 1530 365 1596 modo
391 1530 512 1598 dicere.
558 1530 661 1620 Quod
681 1529 710 1595 si
730 1530 768 1619 in
790 1531 1144 1622 plrilosophialanlum
1159 1535 1201 1603 in·
1226 1537 1227 1540 ’

173 1806 340 1877 infirmabit]
359 1804 535 1875 irfirmauerii
544 1806 629 1863 Mon.

173 1876 357 1945 excludetque]
378 1893 434 1930 om.
450 1896 499 1946 que
513 1876 570 1930 vit.
977 1886 980 1891 “

172 1948 341 2068 ·ccap.16.
376 1948 419 2003 51.
455 1958 479 1996 ct
498 1949 564 2015 quid
579 1958 604 1998 ct
621 1943 688 2016 quo]
707 1944 754 1999 Sic
768 1947 820 2003 Dr.
833 1948 915 2004 Mon.
930 1946 1197 2021 Victa-ommi!

138 2032 164 2071 ct
198 2028 273 2068 elerr.
943 2062 946 2067 .
1142 2062 1148 2083 x

175 2090 245 2157 qccod
261 2084 425 2153 Carneadea]
447 2086 512 2154 quaid
527 2084 579 2137 Dr.
1108 2138 1113 2145 ,

57 2162 60 2167 “
142 2157 335 2210 Clitomachum
352 2158 442 2205 cadem
456 2157 558 2218 dicere,
580 2152 777 2224 Charmadam]
798 2154 989 2209 Clitomachum
1003 2178 1036 2211 ca
1054 2162 1138 2212 dicere
1149 2160 1197 2213 Car·

138 2230 249 2279 modam
274 2237 363 2276 autem
386 2228 474 2275 eodem
496 2227 576 2275 etiam
595 2227 670 2275 ruodo
686 2228 782 2277 dicere.
801 2226 853 2277 Dr·
867 2229 948 2280 Mon.
965 2254 1000 2269 —
1019 2226 1197 2282 Chanmaudi·

140 2315 215 2349 cere:
235 2296 399 2346 Carneadem
412 2313 471 2345 uero
487 2296 568 2345 eliam
582 2297 672 2345 cedem
686 2297 762 2344 modo
777 2295 871 2350 dicere.
885 2298 942 2348 vit.
955 2326 993 2336 -
1010 2299 1074 2354 clia
1089 2300 1196 2359 caditat,

141 2368 302 2421 carneadem
324 2376 413 2414 autem
429 2368 486 2422 eod.
504 2377 537 2417 cr.
558 2366 634 2414 modo
652 2366 679 2418 d.
698 2364 776 2420 Med.
796 2366 861 2419 Tul.
881 2396 916 2406 —
935 2366 999 2421 Clit.
1022 2373 1113 2420 eadem
1128 2370 1210 2431 diem.

144 2438 306 2490 Carneadem
318 2452 346 2493 a,
361 2438 418 2490 ead.
433 2457 455 2487 e.
470 2455 504 2488 m.
514 2438 540 2491 cl.
551 2436 622 2487 Ven-
638 2439 663 2489 1.
677 2438 703 2490 2.
721 2434 784 2485 Aid.
796 2438 820 2491 l.
840 2437 915 2491 Crat.
928 2438 1009 2489 illan.
1018 2466 1055 2501 :-
1066 2438 1198 2493 eliacada

141 2510 244 2573 dicere,
274 2507 451 2559 Charrnadam
472 2518 561 2556 autem
585 2524 607 2557 e.
630 2525 652 2557 e.
666 2505 991 2560 m.d.Vict.La1nb.-
1006 2509 1068 2563 Clit.
1088 2504 1197 2559 eademi·

142 2579 305 2630 Carneadem
318 2596 345 2629 a.
362 2580 451 2627 eodem
465 2578 546 2626 ctiam
558 2579 634 2626 modo
649 2578 739 2625 eadem
754 2577 843 2626 dicere
854 2576 915 2628 Ald.
928 2580 998 2631 2.-
1009 2578 1074 2633 Clir.
1087 2574 1198 2637 caari,

101 2708 105 2713 ⁵
142 2650 306 2700 Carneadem
320 2660 409 2698 autem
424 2667 475 2696 non
491 2649 579 2696 cedem
595 2648 677 2696 ctiam
690 2648 766 2695 niodo
783 2648 869 2697 dicere
884 2646 993 2717 Gryph.
1006 2650 1034 2705 9..
1051 2639 1086 2691 -ss
1104 2648 1158 2701 Clit.
1170 2662 1199 2697 ea·

140 2712 323 2785 deradicere,
359 2718 536 2767 Charmadam
561 2729 648 2767 aretem
670 2718 783 2784 quodum
805 2712 888 2769 eiiam
915 2722 1001 2774 triade.
1031 2718 1103 2785 (om.
1125 2713 1199 2781 dim)

139 2786 206 2840 Sch.
226 2790 303 2842 2.-
318 2790 388 2855 quod
413 2788 578 2838 Charmadas
600 2798 689 2837 noster
711 2788 763 2840 dic.
784 2786 900 2855 calchal,
926 2788 1117 2840 Clitomachum
1133 2786 1200 2839 cada

139 2861 228 2911 dicere
248 2869 274 2907 et
298 2859 467 2908 Carneadem.
512 2858 673 2907 Carneadem
688 2868 778 2906 aulem
793 2860 904 2925 quodam
923 2862 1006 2910 ctiam
1025 2862 1103 2911 medo
1128 2856 1200 2909 alicae

142 2928 194 2980 Or.
208 2954 244 2965 -
260 2926 440 2977 Charmadam
459 2927 514 2978 Ms.
533 2928 563 2977 in
581 2925 658 2979 notis
678 2926 842 2979 camerarii.
879 2927 933 2981 Hic
953 2928 1035 2981 locus
1054 2944 1113 2981 nou
1129 2931 1202 2981 mab

139 2996 219 3049 tione
230 2996 356 3063 indiget,
374 2996 423 3048 sed
437 2995 624 3065 explicatione
635 2995 686 3047 rei.
713 2997 874 3049 Carneades
883 3005 988 3060 orator,
999 2998 1037 3051 de
1050 3016 1107 3068 quo
1119 2994 1202 3051 mdtu

141 3078 184 3121 est
204 3064 332 3118 inlibris
353 3066 410 3117 suis
433 3067 548 3132 Cicero,
583 3066 625 3117 sic
653 3066 829 3133 comparavit
848 3083 945 3120 secum
969 3068 1204 3121 Clitomachumll

142 3136 345 3202 Charmadam,
363 3134 507 3188 auditores
523 3152 606 3200 suos,
625 3134 786 3203 utdiceret,
807 3135 1119 3209 Clitomachumaeque
1132 3138 1204 3191 rdet

139 3216 225 3277 atque
256 3215 345 3259 semet
375 3207 470 3275 ipsum
493 3205 524 3256 in
549 3205 633 3258 rebus
662 3204 883 3275 philosophicis:
922 3206 1112 3261 Charmadam
1130 3214 1205 3261 aule!

139 3292 200 3328 non
223 3278 318 3332 colum
339 3275 472 3330 acumine
494 3274 603 3344 ingenii
629 3283 658 3327 et
686 3276 853 3345 sagacitate,
879 3278 930 3330 aad
956 3276 1206 3348 eloquentiaeiu

138 3346 269 3417 proxime
282 3348 318 3401 ad
335 3364 364 3399 se
378 3348 473 3416 ipsum
487 3345 631 3398 accedere.
665 3346 716 3397 Vel
731 3346 793 3397 aliis
803 3346 909 3398 verbis:
929 3346 1126 3401 Clitomachus

138 3433 261 3487 magnus
271 3417 456 3487 philosophus
468 3425 510 3468 est
524 3423 686 3485 atquaego:
706 3415 780 3467 alter
792 3431 838 3467 me
851 3415 946 3485 ipsum
961 3426 989 3468 et
1000 3417 1032 3469 in
1045 3356 1207 3487 philosiipih

141 3496 170 3541 et
185 3488 215 3538 in
232 3488 394 3556 eloquentia
405 3486 542 3540 imitatur.
577 3490 637 3539 Hoc
650 3486 738 3537 latera
750 3484 862 3537 videtur
877 3486 973 3537 inille
989 3489 1062 3540 ccito
1076 3480 1207 3539 ecana&

141 3556 230 3612 dicto.
266 3557 460 3610 confirmatur
474 3568 570 3609 eutem
585 3556 654 3608 haec
667 3555 823 3607 verborum
839 3556 991 3625 explicatio
1007 3574 1095 3627 quam
1107 3554 1208 3609 maxim!

140 3644 175 3680 ex
194 3625 327 3679 Academ.
352 3626 412 3679 cic.
429 3629 477 3696 lv,
496 3629 522 3682 6.
557 3628 638 3691 „Sed
658 3627 714 3693 ipse
735 3627 935 3677 Carneadea
955 3628 1003 3677 diu
1023 3629 1126 3692 tenuit,
1163 3636 1209 3675 aa!

140 3699 289 3767 nonaginta
304 3698 373 3746 uixit
393 3699 492 3764 annac)
507 3710 533 3749 et
553 3698 614 3766 qui
634 3698 646 3747 i
652 3695 737 3747 llum
759 3696 846 3745 audi
854 3709 968 3762 erant,
988 3698 1129 3746 admodum
1161 3710 1221 3745 are·-

142 3778 233 3817 crunt:
252 3767 374 3835 equibus
396 3767 610 3817 industriae
632 3764 824 3834 plurimum
851 3766 887 3814 in
910 3762 1209 3833 Clitomachesaill

140 3835 275 3904 (declarat
287 3834 427 3885 multitude
443 3836 578 3903 librarum)
596 3833 734 3903 ingenii
753 3852 816 3883 non
835 3836 944 3884 minas
959 3837 993 3884 in
1009 3833 1073 3887 hee
1095 3834 1210 3887 homin

142 3907 285 3975 quamin
304 3903 500 3955 Charmada
516 3903 775 3972 eloquentiac.“
793 3900 999 3971 tleOrat.I,11.
1018 3902 1210 3968 „Audiuiaie

141 3994 255 4025 summos
287 3975 414 4034 homiues,
450 3993 529 4041 quum
553 3986 678 4041 quaestor
697 3991 732 4022 cx
752 3974 918 4023 Macedonia
941 3974 1070 4024 venicscm
1084 3974 1211 4029 ,Athana

134 4044 250 4119 florente
268 4046 413 4098 Academia
435 4055 465 4093 ut
484 4044 642 4111 temporibus
664 4040 722 4093 illic
740 4040 899 4109 serebatur,
939 4045 1010 4110 quod
1033 4061 1094 4093 cam
1123 4043 1212 4095 Char·

142 4116 265 4164 madae
293 4126 325 4164 et
355 4113 596 4165 Clitomachus
623 4122 649 4161 et
672 4112 820 4160 Acachinec
842 4112 1005 4162 obh'uchant.
1048 4113 1120 4164 Erat
1146 4112 1220 4163 etiae,

136 4184 326 4250 Metrodoruc,
358 4185 497 4253 quicum
527 4181 609 4234 illic
643 4198 711 4231 una
737 4181 850 4249 ipsum
879 4180 985 4231 illum
1014 4182 1213 4234 Carneade!

124 4251 292 4321 ahhgena'ac
319 4272 338 4306 a
352 4256 512 4309 udiera
525 4252 575 4306 t.“
630 4250 745 4324 Quibus
770 4248 848 4304 loeis
876 4249 967 4303 amul
988 4260 1127 4316 apparet,
1152 4240 1234 4301 andei
