2476 4546
102 226 169 290 Ι68
343 244 365 283 .·
555 216 780 285 ORATOR

127 371 301 439 ornandus
315 370 356 438 in
375 368 516 438 Manilia
536 371 611 460 lege
629 370 1044 464 Pompeiusrtempcrata
1060 366 1197 447 oratioue

127 475 272 543 ornandi
293 473 428 563 copiam
452 470 620 561 persecuti
638 496 765 542 sumus.
816 476 873 544 Ius
893 502 995 544 omne
1016 462 1196 547 retinendae

125 576 308 646 maiestatis
324 577 464 648 Rabirii,
478 600 577 643 causa
597 579 852 646 continebatur:
881 603 963 669 ergo
982 583 1129 648 inomni
1147 604 1196 677 ge-

62 687 213 747 rotnace
233 680 506 768 amplificationis
526 680 725 754 exarsimus.
768 683 814 751 At
833 681 917 747 haec
939 683 1109 751 interdum
1124 696 1197 751 tem-

123 779 275 874 peranda
291 795 325 849 et
345 782 510 850 varianda
531 796 621 850 sunt.
665 776 771 873 Quod
795 785 899 871 igitur
920 785 957 850 in
983 786 1196 861 Accusationis

124 898 255 974 septem
273 886 366 955 libris
378 909 449 953 nou
464 886 636 977 reperitur
654 886 785 977 genus?
807 889 900 976 quod
921 886 959 953 in
979 888 1094 957 Aviti?
1121 886 1195 976 quod

123 989 346 1057 inCornelii?
367 990 460 1078 quod
472 990 510 1058 in
522 990 680 1082 plurimis
694 990 821 1059 nostris
833 988 1108 1101 dxefeusionibusi
1127 1013 1195 1079 quae

124 1170 335 1191 ῃ

142 1287 295 1337 ‘amandus
332 1302 443 1341 omum
454 1287 509 1343 Dr.

160 1355 286 1407 Manita
301 1287 380 1431 iege]
398 1358 456 1427 lege
470 1354 595 1408 Monilia
606 1355 677 1412 Ven.
690 1358 716 1412 1.

160 1426 276 1475 ornante·
292 1428 416 1494 copiam]
436 1428 544 1477 dicendi
555 1427 660 1494 copiam
677 1428 762 1480 Mon.

160 1495 273 1545 Rabirii
277 1496 290 1561 ]
306 1496 393 1547 rubin'
406 1496 462 1549 vit.
754 1542 757 1547 .
772 1527 778 1535 =

160 1565 366 1629 continebatur]
384 1566 537 1616 continebor
551 1562 632 1616 Med.
646 1563 712 1618 Tul·

160 1634 190 1683 in
200 1636 276 1683 omni
286 1650 383 1703 genere
397 1633 444 1701 a.]
465 1650 521 1686 om.
536 1635 565 1684 in
577 1634 611 1687 L.
625 1660 662 1671 -
676 1628 705 1684 ie
717 1650 748 1684 eo
762 1648 858 1702 genere
869 1632 1082 1702 mollificationie
1095 1631 1153 1685 Vct.

196 1701 255 1771 108.
290 1707 462 1771 temperanda
480 1715 507 1757 et
519 1700 563 1770 m]
588 1703 723 1759 vadando
734 1715 761 1755 et
774 1714 851 1770 temp.
864 1704 917 1755 Dr.
934 1706 1114 1774 comparando
1124 1704 1191 1755 Mon

158 1772 353 1824 Accusationis
367 1784 472 1842 'septem
491 1771 586 1840 libris]
618 1770 771 1824 Orationes
785 1788 850 1840 eae,
874 1772 977 1854 quibus
998 1790 1083 1827 causa
1094 1769 1214 1823 Verrina-

126 1842 342 1908 coutinehatur‚
369 1852 511 1895 unacum
532 1840 714 1894 Divinatione
733 1840 765 1892 in
787 1841 942 1897 Caecilium
962 1842 977 1909 (
983 1842 1032 1915 qui
1052 1850 1094 1894 est
1111 1851 1194 1894 musae

124 1913 261 1968 Verrinae
277 1912 428 1981 prologus)
442 1911 474 1963 in
488 1928 579 1964 unum
595 1910 731 1964 volumen
743 1910 874 1963 redactae
892 1922 981 1966 erant.
1017 1913 1092 1965 Sunt
1103 1918 1194 1979 septem

124 1992 212 2053 atque
229 1981 282 2051 sub¹
302 1980 499 2043 Accusationis
517 1980 636 2033 nonnae
649 1990 717 2033 sunt
736 1981 838 2032 editae.
856 1981 894 2035 cf.
911 1983 938 2051 ς.
957 1982 1016 2038 103.
1034 1981 1083 2035 ubi
1099 1982 1193 2039 Cicero,

125 2068 192 2106 eum
208 2051 244 2102 de
256 2048 419 2115 eademre,
443 2048 478 2101 de
496 2066 553 2119 qua
570 2050 636 2112 hic,
661 2050 817 2119 eodemque
832 2051 919 2102 modo
935 2052 1019 2120 dicit,
1044 2048 1194 2120 simpliciter

124 2118 345 2174 Accusationem
361 2124 442 2172 suam
455 2120 562 2172 laudat.
599 2120 681 2189 Apud
697 2120 898 2200 grammaticos
914 2131 946 2174 ut
958 2121 1091 2174 Nonium
1105 2127 1131 2170 et
1141 2114 1194 2169 Pri·

124 2192 255 2245 scianum
273 2189 368 2242 simile
386 2188 493 2242 habent
509 2204 616 2242 nomen
631 2190 811 2241 verrinarum
826 2190 981 2244 actionum.
1016 2193 1113 2260 Neque
1125 2185 1194 2241 aliur

124 2261 213 2314 iidem
235 2260 283 2310 has
304 2258 451 2311 orationes
477 2258 594 2311 laudare
615 2259 708 2310 solent
730 2258 786 2310 nisi
810 2261 864 2327 ita,
899 2270 932 2313 ut
952 2262 1004 2313 sub
1029 2261 1194 2312 Verrinerum

125 2331 203 2384 libro
216 2329 310 2399 primo
327 2327 541 2382 Divinationem
562 2328 594 2379 in
608 2329 691 2381 Caso.
706 2327 883 2398 intelligant.
901 2347 928 2386 r.
940 2331 1058 2384 Prisul.
1073 2330 1148 2383 XVII
1157 2323 1194 2379 11.

125 2400 160 2455 Τ.
172 2402 199 2456 2.
217 2417 246 2469 p.
261 2398 303 2452 85.
323 2396 367 2451 ed.
382 2399 450 2450 Ka:
480 2397 582 2451 Cicero
600 2396 631 2449 in
647 2396 831 2451 Verrinarum
849 2399 944 2468 primo
962 2399 982 2453 i.
998 2417 1022 2453 e.
1035 2399 1151 2452 Divinat.
1162 2392 1194 2474 ‘u

126 2469 230 2528 Caecil.
244 2468 275 2520 C.
289 2466 331 2523 13.
339 2464 406 2521 ibid.
419 2485 447 2538 p.
456 2464 523 2523 144·
533 2486 559 2520 v.
573 2466 685 2519 Nouius
697 2485 724 2519 v.
738 2468 890 2523 reticulum
915 2469 1027 2523 Tullius
1046 2470 1078 2522 in
1098 2470 1193 2520 ternu

125 2540 240 2592 actione
250 2539 365 2592 vitm
375 2543 436 2591 Act.
451 2538 488 2598 11.
501 2539 528 2603 5,
543 2542 585 2594 11.
602 2537 701 2591 Prisci.
711 2538 731 2590 l.
741 2539 789 2604 vt,
803 2556 828 2590 c.
842 2539 997 2608 xtpase.
1017 2539 1145 2592 ciconia
1155 2528 1193 2612 li·

124 2609 235 2663 verrin.
249 2626 293 2658 :s
307 2609 368 2660 Act.
390 2608 429 2660 11.
450 2614 522 2662 orat.
537 2608 577 2662 ΙΙ.
603 2606 683 2662 ast.
708 2604 796 2659 Pris'c.
816 2608 881 2662 VII.
906 2610 990 2663 avt.
1017 2610 1122 2679 paor:
1144 2605 1194 2656 Olt·

124 2680 157 2732 in
176 2678 262 2731 tertio
283 2677 394 2729 Verrin.
416 2677 488 2737 (Act,
506 2676 617 2731 11.1.1.
637 2693 660 2726 c.
674 2675 713 2745 8.)
733 2676 802 2728 ibid·
821 2693 851 2747 p·
862 2675 922 2733 347.
950 2677 1008 2731 Cic.
1025 2679 1056 2731 in
1068 2684 1143 2733 Verr.
1155 2668 1195 2725 IV·

125 2749 155 2819 (i.
171 2765 196 2802 e.
210 2751 272 2801 Act.
286 2749 314 2802 2.
334 2747 385 2800 Or.
403 2748 432 2810 2,
447 2745 502 2812 13.)
520 2743 560 2799 ib.
580 2762 608 2813 p.
622 2745 684 2801 868.
711 2746 821 2800 Verria.
836 2748 888 2800 III.
904 2748 935 2812 (i.
950 2764 974 2800 e.
991 2751 1053 2803 Act.
1068 2750 1105 2801 11.
1119 2747 1164 2800 Or.
1173 2739 1193 2792 1·

30 2826 41 2847 ·
125 2836 152 2872 e·
169 2819 208 2885 6.)
230 2816 268 2871 cf.
287 2825 395 2869 ceteros
413 2814 847 2883 locosap.eundem:'1'01n.1·
865 2835 895 2885 p.
910 2817 972 2881 347.
993 2818 1056 2885 409,
1074 2816 1132 2883 465,
1143 2809 1194 2885 4693

42 2886 45 2891 '
125 2887 187 2943 482.
211 2917 248 2929 -
268 2887 402 2939 Videmus
424 2900 491 2966 ergo
511 2883 589 2939 hunc
612 2883 809 2938 Accusationis
833 2886 923 2938 libros
944 2896 1052 2955 septem
1075 2875 1194 2938 laudmdt

125 2972 235 3011 nrorem
255 2956 402 3023 vulgarem
424 2954 513 3006 fuisse
534 2952 610 3025 apud
629 2954 779 3022 antiquos:
808 2971 895 3025 quare
916 2953 1091 3009 dissenties
1107 2947 1193 3008 tant·

126 3035 256 3079 mutante
275 3024 408 3078 codicum
420 3024 488 3077 lect.
503 3023 534 3075 in
550 3028 662 3094 quinque
678 3024 763 3092 libris,
772 3026 869 3104 (quam
880 3036 1050 3095 receperunt
1060 3027 1127 3081 Ern.
1141 3014 1194 3076 Sch-

25 3138 28 3145 .
125 3097 191 3160 Or.)
202 3094 282 3166 quasi
295 3093 441 3147 Divinatio
458 3093 488 3145 in
508 3093 664 3145 Caecilium
677 3102 706 3146 et
720 3096 800 3147 Actio
812 3095 906 3164 prima
920 3094 952 3147 in
970 3096 1090 3150 Verrem
1101 3081 1195 3147 nont(l

127 3165 246 3218 eandem
258 3164 474 3216 Accusationem
492 3163 679 3232 pertinerent.
716 3163 887 3233 Quanquam
907 3174 1003 3216 autem
1018 3164 1105 3229 haec,
1123 3168 1195 3235 quam

127 3235 202 3302 dixi,
230 3233 398 3287 numerandi
417 3232 492 3284 ratio
517 3233 683 3303 plerumque
702 3235 732 3285 in
753 3250 807 3285 usu
828 3242 906 3301 erat,
929 3234 1016 3286 multi
1033 3245 1126 3289 tamen
1141 3230 1195 3284 suni

122 3304 185 3356 ·loci
196 3314 363 3367 auctorum,
382 3302 432 3355 ubi
446 3301 503 3354 alio
517 3303 602 3355 modo
614 3303 746 3375 Verrinae
756 3303 910 3356 laudantur
926 3305 1087 3368 orationes,
1105 3308 1196 3375 nempe

125 3374 176 3437 ita,
192 3381 225 3426 ut
237 3371 381 3425 Divinatio
397 3372 550 3441 separatim
562 3381 590 3423 et
600 3372 681 3424 Actio
697 3373 790 3440 prima
805 3383 832 3425 et
845 3372 973 3426 Actionis
988 3372 1126 3426 secundae
1138 3368 1195 3423 libn

125 3445 250 3515 quinque
262 3451 394 3496 accurate
406 3441 613 3512 significentur.
649 3442 769 3511 Aequis
785 3460 841 3495 uno
858 3443 920 3494 solo
934 3442 1008 3496 libro
1021 3445 1103 3497 Actio
1118 3440 1197 3526 primss

125 3513 302 3584 continetur,
321 3511 402 3564 Actio
418 3511 541 3565 secunda
553 3520 650 3564 autem
663 3512 788 3582 quinque
799 3511 895 3578 libris,
904 3513 1103 3583 ¹negligentius
1118 3520 1197 3565 inter-

123 3582 194 3634 dum
214 3581 268 3633 hac
286 3581 317 3632 in
336 3597 368 3632 re
388 3589 539 3633 versantur
554 3582 723 3651 scriptores,
748 3582 829 3637 libris
844 3582 932 3649 solis,
950 3584 1090 3646 secundo,
1112 3577 1196 3642 tertio,

125 3660 244 3723 quarto,
262 3650 307 3702 vei
328 3650 428 3719 quinto
447 3651 588 3719 laudatis,
608 3668 666 3703 non
680 3651 777 3704 addito
795 3652 882 3704 simul
894 3653 1010 3705 nomine
1023 3653 1148 3705 Actionis
1159 3663 1199 3700 εει

125 3722 245 3775 eundae.
280 3718 328 3774 Sic
349 3721 448 3773 Cicero
466 3720 542 3773 infra
563 3723 642 3776 c.62·
664 3742 711 3773 nos
732 3725 760 3772 in
771 3724 963 3773 Accusationis
981 3727 1094 3774 seeundo
1117 3716 1199 3774 intell.

124 3790 154 3843 in
170 3790 366 3844 Accusationis
381 3789 509 3844 Actionis
529 3791 669 3844 secundae
688 3790 763 3843 libro
780 3791 916 3843 secundo.
943 3791 1133 3862 negligentius
1145 3785 1199 3860 qui·

126 3860 206 3929 dem,
232 3860 281 3912 sed
295 3861 335 3912 ita
353 3869 385 3913 ut
397 3876 492 3914 errare
513 3877 596 3914 nemo
615 3870 725 3930 posset,
752 3860 916 3931 praesertim
936 3878 1002 3913 cum
1023 3861 1150 3914 additum
1167 3856 1201 3908 sit

125 3933 158 3982 de
172 3929 284 3987 Siciliae
296 3928 392 3993 laude,
418 3949 473 4001 qua
495 3930 529 3982 de
541 3948 572 3982 re
584 3947 642 3982 non
658 3930 688 3982 in
706 3930 761 3983 alia
776 3929 972 3983 Accusationis
989 3931 1118 3983 oratione
1129 3922 1199 3980 dixit·

161 3999 256 4068 Assar]
281 4001 350 4049 asin
362 3999 418 4052 vu.
435 4029 468 4039 -
483 4001 582 4052 nassa
594 3986 676 4052 Mon.
690 4001 760 4053 ren.
774 4003 798 4054 1.
813 4003 840 4054 a.
858 4000 938 4057 Mes.
951 4000 1018 4055 rur.
1034 4000 1114 4053 nan
1128 4002 1200 4052 nan.

125 4068 200 4125 vioe
220 4071 267 4122 Gr.
283 4070 316 4122 L.
334 4085 406 4137 quae
423 4069 563 4137 scriptura
583 4078 748 4123 constanter
765 4086 811 4139 ap.
827 4069 945 4139 Quinot.
964 4070 1049 4125 valet.
1073 4089 1098 4124 v.
1113 4064 1200 4141 Sptld·

125 4136 163 4193 ad
176 4138 197 4192 l.
211 4139 261 4205 IV,
276 4141 303 4204 2,
318 4140 358 4192 16.
378 4139 414 4191 cf.
428 4139 481 4195 int.
497 4140 521 4208 ἕ.
534 4141 594 4195 108.

37 4258 55 4285 ¹.
138 4206 340 4276 ‘eisplurr'miej
358 4210 387 4260 ire
402 4208 527 4279 pluribus
546 4211 600 4262 tit.
613 4211 683 4263 Ven.
698 4211 724 4263 1.
739 4211 766 4264 2.
783 4208 863 4263 Med.
