2476 4546
64 124 109 193 te
327 184 330 189 .
496 115 720 191 ORATOR

65 272 316 342 ‹se-inauditum
335 288 450 351 genus.
497 272 586 344 Nam
610 272 667 363 qui
688 276 829 365 Lysiam
848 284 1056 360 sequuntur,
1079 294 1165 343 cau-

65 380 211 448 sidicum
228 372 397 463 quendam
413 388 621 462 sequuntur,
642 401 712 443 non
723 370 828 445 'illum
846 378 987 467 quidem
1007 372 1162 469 amplum
1186 378 1191 383 ’

67 496 171 573 atque
195 478 390 571 grandem,¹
415 478 575 547 subtilem
603 493 638 547 et
674 483 874 569 elegantom'
890 472 1009 548 tainen
1038 493 1076 546 et
1104 480 1160 569 qui

67 587 105 657 in
134 581 324 651 forensibus
339 577 446 679 causis
466 582 571 671 possit
588 583 772 673 ¹praeclare
784 584 981 652 consistere.
1023 586 1163 673 Thucy.

70 688 169 763 didas
193 698 310 752 autem
330 706 385 749 res
406 697 516 772 gestas
538 697 573 751 ct
591 685 680 753 bella
700 696 817 755 narrat
834 699 878 767 ,et
897 687 1030 777 praelia
1047 687 1165 775 gravi-

69 806 125 861 ter
143 804 227 857 seno
253 798 288 853 et
308 787 433 875 probe,
466 788 524 856 sed
547 788 633 871 nihil
659 793 702 859 ab
725 817 765 860 eo
788 790 965 860 transferri
984 802 1099 881 potest
1116 788 1165 861 ed

72 896 246 965 forensem
270 912 370 984 usum
391 904 426 955 et
451 891 639 978 publicum.
692 897 789 986 Ipsae
811 898 888 963 illae
913 895 1091 961 conciones
1109 892 1167 987 5¹²„

69 1000 194 1068 multas
228 993 359 1060 habent
383 992 541 1060 obscuras
567 992 763 1086 abditasque
789 998 993 1076 sententias,
1032 996 1092 1063 rix
1117 988 1164 1063 ut

70 1100 332 1185 intelligenturr
346 1097 438 1184 quod
454 1110 503 1162 est
523 1097 558 1163 in
572 1099 728 1167 oratione
744 1102 833 1169 civili
849 1103 970 1168 vitium
982 1101 1040 1167 vel
1054 1096 1160 1166 maai·

17 1217 53 1277 31
75 1222 185 1273 ntum.
230 1194 331 1288 Quinc
354 1211 405 1264 est
427 1212 542 1265 autem
564 1203 601 1267 in
620 1203 815 1269 hominibus
837 1214 933 1269 tanta
952 1202 1153 1292 peruersitas,
1213 1223 1234 1283 3

71 1322 111 1374 ut
122 1303 268 1373 inventis
288 1301 445 1389 frugibus
465 1305 588 1388 glande
609 1307 810 1373 vescantur?
841 1306 908 1372 Ἀιι
928 1307 1033 1371 victus
1048 1302 1151 1374 homi·
1224 1320 1236 1335 ’

72 1432 159 1480 num
178 1407 440 1478 Atheniensium
468 1406 630 1474 beneficio
660 1409 771 1493 excoli
795 1408 921 1498 potuit,
955 1406 1066 1473 oratio
1090 1426 1156 1473 nou.
1212 1420 1232 1483 ‚t

73 1511 207 1605 potuit?
270 1509 357 1598 Quis
382 1531 488 1596 porro
524 1533 676 1598 unquam
705 1512 916 1579 Graecorum
941 1509 1149 1575 rhetorutnt
1215 1574 1218 1580 ,

1 1651 3 1662 ·
74 1613 277 1705 Thucydide
301 1611 484 1698 quidquam
506 1613 629 1681 duxit?
678 1615 721 1681 At
742 1612 898 1680 laudatus
920 1625 969 1678 est
986 1612 1030 1680 ab
1051 1606 1150 1677 omni·

74 1719 149 1787 bus.
209 1716 350 1784 Fateorr
385 1719 444 1782 sed
477 1718 526 1783 ita
555 1730 596 1785 ut
626 1741 744 1785 rerum
778 1718 967 1804 explicator
1001 1714 1151 1805 prudens,
1183 1738 1186 1743 ·
1224 1770 1232 1803 ,ι

75 1843 234 1901 severus,
257 1817 393 1904 gravier
428 1840 498 1885 non
520 1821 608 1887 utin
629 1821 761 1887 iudiciis
784 1830 934 1905 versaret
952 1840 1086 1899 causas,
1103 1814 1153 1881 sed
1227 1822 1237 1885 -ὲ

77 1925 172 1995 utin
198 1921 347 1990 historiis
373 1921 461 1987 bella
483 1936 647 1991 narraret.
699 1927 817 2011 Itaque
835 1940 1012 2010 nunquam
1029 1931 1080 1986 est
1097 1940 1154 1985 nu·

22 2030 59 2092 82
78 2038 229 2098 meratus
251 2036 378 2091 orator.
422 2025 491 2091 Nec
514 2049 617 2108 vero,
640 2027 670 2092 si
686 2028 863 2095 historiam
885 2050 954 2094 uon
971 2022 1156 2112 scripsisset,

75 2152 203 2197 nomen
225 2128 298 2193 eius
319 2139 468 2201 extaret,
491 2131 808 2215 ›cum'praesertim
835 2131 957 2198 fuisset
980 2132 1158 2197 honoratus
1184 2168 1191 2183 --

77 2245 112 2300 et
136 2231 270 2299 nobilis.
313 2227 424 2297 Huius
450 2240 565 2297 tamen
588 2254 690 2298 nemo
712 2256 826 2321 nequo
846 2233 1034 2299 vorborum
1055 2238 1200 2317 neque''

77 2337 324 2405 sententiarum
335 2335 540 2421 gravitatem
555 2334 721 2402 imitatur:
742 2337 813 2416 sed,
827 2360 906 2403 cunr
924 2334 1046 2403 murita
1060 2356 1164 2423 quae«

77 2440 157 2505 dam
183 2449 218 2503 et
236 2437 365 2502 hiantia
386 2436 493 2503 locuti
516 2447 612 2518 sunt,
646 2458 734 2524 quaa
755 2440 812 2506 vel
833 2438 908 2504 sine
927 2440 1094 2527 magistro
1112 2438 1185 2505 fe·-

76 2562 154 2608 cere
181 2548 387 2625 potuerunt,
421 2558 601 2624 germanos
626 2560 665 2604 se
690 2549 815 2628 putant
836 2561 908 2607 esse
935 2540 1164 2630 Thucydides·

76 2716 287 2741 m

112 2857 257 2921 elegantem
270 2860 360 2900 tamen
374 2859 399 2901 et
412 2848 469 2921 qus]
486 2854 643 2921 allegantem
657 2860 748 2901 tomen
763 2866 813 2902 nee
826 2848 943 2919 quivit.
950 2868 1042 2904 -me
1054 2856 1105 2925 qut
1116 2852 1167 2907 Dr

77 2916 450 3056 veguiioderideden'itiduere
464 2988 534 3041 Ven.
550 2991 573 3043 1.
592 2985 721 3041 Med.-
735 2986 773 3041 cf.
784 2985 838 3042 ini.
850 2987 878 3058 3.
887 2988 932 3047 98.
1001 3032 1003 3037 .

114 3060 152 3110 ad
157 3057 254 3127 some
256 3073 296 3105 tm
307 3054 401 3122 usum]
390 3054 458 3122 Jad
472 3056 693 3128 usumsoremem
708 3057 809 3110 Lamb.

114 3123 268 3193 concione]
288 3126 420 3175 contiones
431 3125 510 3182 Just.
526 3154 560 3167 —
575 3129 752 3181 consentione·
766 3127 824 3183 vit.

147 3230 193 3287 81.
228 3231 258 3280 in
274 3224 440 3295 dominibus]
457 3243 516 3283 om.
529 3230 646 3289 Ven.2.
755 3274 758 3283 ,

114 3296 267 3366 ιιιιιιιιιιιι]
286 3297 557 3357 autVen.1.Med.

113 3370 219 3436 excoli]
237 3366 332 3421 extolle
340 3368 414 3426 Ven
429 3372 454 3425 l.
470 3370 550 3423 Med.

113 3438 231 3506 eeuerm]
259 3440 375 3487 sincerus
390 3437 455 3493 sch.
468 3440 494 3493 2.

113 3528 170 3560 cere
158 3512 229 3559 eor'et
244 3506 357 3575 causas]
376 3519 492 3559 vasone
506 3520 533 3560 et
546 3512 644 3561 caueae
653 3508 702 3561 eed
714 3518 746 3559 ιιι
759 3507 788 3559 in
803 3504 925 3560 historiis
937 3476 1066 3561 nanum
1074 3508 1134 3567 Dr.
1237 3533 1238 3538 ¹

148 3612 192 3667 82
209 3629 300 3662 nomen
313 3630 369 3661 erue
380 3613 498 3681 extaret]
517 3632 609 3665 nomen
623 3614 679 3665 eiua
693 3630 745 3664 nore
757 3622 861 3664 extaret
873 3610 976 3665 Lttmb
988 3610 1058 3671 Seh.
1073 3614 1104 3673 1.

113 3680 213 3748 fuieset
231 3682 375 3731 honoratius
381 3678 394 3749 J
409 3680 490 3751 fuiss
492 3682 619 3739 unlus.

113 3771 195 3819 neque
182 3749 353 3821 everborum]
367 3754 590 3820 aequeverborum
600 3722 783 3823 granditatem
797 3768 879 3821 neque
893 3760 961 3804 tent.
972 3766 1051 3853 grou.
1067 3752 1171 3811 Lemh.

76 3818 109 3875 in
122 3820 208 3875 notis.

113 3908 170 3942 cum
184 3902 248 3940 mun
246 3889 280 3942 'lo
293 3892 424 3959 quaedam
437 3900 464 3942 et
479 3889 594 3959 triennia]
608 3909 665 3940 crem
677 3888 757 3939 utilia
741 3894 898 3956 quaedam
904 3899 932 3939 et
939 3889 1053 3941 hraetea
1066 3892 1129 3945 vit.
1138 3920 1172 3935 -

79 3978 170 4009 eumn
153 3964 224 4011 usito
238 3962 367 4028 quaedum
381 3971 407 4010 et
415 3959 445 4011 Ῑιι
452 3972 532 4012 antea
539 3960 591 4016 Dr.
598 3978 700 4010 -cum
713 3959 792 4010 utilia
803 3962 930 4029 quaedam
938 3970 965 4011 et
975 3960 1006 4010 ti
1017 3960 1056 4028 (ii
1066 3962 1130 4017 Vm
1131 3966 1194 4023 1,·Ι

77 4028 467 4088 ru1>anteeav2n.1.Med.

97 4096 288 4170 nueydstlas]
301 4100 359 4155 Dr.
371 4099 475 4155 Lamh.
491 4097 568 4156 Vict.
573 4095 677 4154 Rivius
691 4094 887 4169 terrigenis
894 4096 956 4152 Cic.
967 4097 1053 4154 Orat
1065 4116 1100 4172 ρ.
1110 4104 1169 4163 917.
