2476 4546
128 256 180 322 az.
282 276 284 283 ·
400 250 404 261 ·
563 184 788 341 (inaucta

127 403 267 471 ritatem
296 403 468 491 quandam
493 402 609 469 verbis
637 410 671 469 et
699 402 862 472 orationis
890 408 988 494 quasi
1015 409 1197 477 moestitias

49 584 53 595 ι
106 512 337 604 'sequuntur;
361 506 521 592 quodque
543 507 643 594 paulo
666 520 746 572 ante
768 508 967 593 divisimus,
1002 522 1044 576 ut
1066 512 1125 577 alii
1143 532 1197 597 gra

127 633 198 693 ves,
220 612 278 677 alii
289 623 416 690 tenues,
439 608 494 673 alii
507 610 688 696 temperati
704 610 830 675 vellent
845 611 971 676 videri:
994 625 1080 698 quot
1094 614 1197 679 orao'o

127 736 212 779 num
228 734 357 800 ‘genera
374 735 445 777 esse
459 712 621 788 diximus,
641 713 779 776 totidem
797 724 971 779 oratorum
988 718 1197 802 reperiuntur

64 825 106 886 17
212 818 259 882 Et
279 817 443 899 quoniam
474 815 568 903 coepi
601 815 669 879 iam
697 816 901 881 cumulatius
923 817 989 881 hoc
1012 841 1140 884 munus
1158 840 1197 885 au·

62 924 99 984 ⁵4
126 932 224 1006 gere,
250 942 352 1003 quam
375 941 396 982 a
417 930 452 983 te
472 918 683 1023 poqlulatum
707 929 770 997 est,
804 917 881 1002 (libi
903 917 995 985 enlm
1022 933 1152 989 tantum
1170 923 1197 989 de

127 1021 287 1088 orationis
317 1042 457 1106 genera·
476 1019 653 1106 quaerenti
687 1020 848 1105 respondi
876 1020 978 1086 etiam
1006 1022 1152 1090 breviter
1168 1022 1197 1089 dt

124 1116 333 1195 inveniendo
364 1134 399 1188 et
428 1123 638 1205 collocando)
674 1145 718 1186 ue
745 1145 836 1187 nuuc
865 1122 1006 1207 quidem
1035 1128 1143 1193 solum
1168 1126 1197 1191 de

24 1308 28 1317 Ι
125 1227 288 1303 orationis
308 1226 411 1290 modo
435 1225 562 1300 dicam,
592 1226 652 1301 sed
674 1225 777 1288 etiam
800 1226 841 1288 de
862 1216 1024 1295 actionis:
1048 1229 1097 1295 ita
1117 1252 1197 1318 praa·

112 1330 279 1397 ¹termissa
305 1351 385 1415 pars
419 1330 514 1392 nulla
547 1327 619 1396 erit.
673 1327 945 1414 quandoquidem
975 1329 1024 1405 de
1052 1331 1196 1399 memotia

125 1434 211 1500 nihil
234 1443 283 1496 est
303 1432 370 1495 hoc
391 1431 466 1496 loco
489 1429 692 1514 dicendum,
729 1451 816 1517 quae
840 1432 1033 1497 communis
1056 1447 1106 1499 eat
1123 1432 1196 1499 mul·

70 1538 105 1596 ⁵5
128 1551 242 1602 tarum
270 1532 410 1600 artium.
447 1531 535 1620 >Quo
565 1535 670 1599 modo
699 1545 812 1598 autem
843 1532 997 1615 dicatur,
1034 1537 1070 1637 id
1100 1549 1145 1603 est
1168 1536 1196 1601 iu

52 1628 55 1635 ’
125 1638 277 1719 duobus,
314 1634 513 1721 iungendo
547 1646 580 1703 et
608 1637 645 1702 in
672 1636 865 1723 eloquendo.
917 1636 980 1702 Est
1009 1639 1101 1707 enim
1126 1638 1195 1705 actio

123 1738 223 1828 quasi
245 1737 395 1823 corporis
419 1736 587 1822 quaedam
611 1738 819 1821 eloquentia,
843 1761 922 1803 cum
946 1753 1076 1806 constet
1096 1765 1115 1807 e
1132 1762 1194 1807 voco

124 1857 228 1932 atque
241 1853 353 1909 motu..
392 1839 492 1906 Vocis
505 1841 705 1908 mutaliones
719 1841 861 1905 totidem
876 1851 966 1920 suut,
989 1858 1074 1930 quot
1089 1847 1193 1911 animo-

122 1970 201 2015 rum
214 1947 270 2034 qui
285 1943 435 2009 maxime
446 1964 529 2006 voce
539 1953 809 2009 commoventur.
832 1945 949 2030 Itaque
965 1947 1023 2011 ille
1039 1949 1193 2036 perfectus,

122 2074 228 2139 quem
262 2044 464 2145 iamdudum
497 2057 611 2111 nostra
644 2045 774 2110 indicat
803 2047 931 2133 mutio,
972 2061 1194 2138 utcumquaao

121 2153 284 2219 affectum
313 2146 421 2235 qideri
452 2157 485 2210 et
506 2147 661 2212 animum
684 2147 851 2223 audientis
869 2153 1001 2216 moveri
1027 2156 1132 2233 volet,
1156 2153 1192 2219 iia

34 2338 36 2344 Ι
121 2266 257 2322 cerium
278 2250 372 2318 vocis
394 2248 588 2328 admopebit
609 2271 750 2314 sonum:
774 2249 904 2337 dequo
931 2244 1190 2341 plurmdiceretu,¹

119 2357 151 2423 si
172 2357 238 2422 hoc
260 2348 491 2442 praecipiendi
520 2360 657 2437 tempus
685 2349 787 2431 esset,
824 2366 884 2419 aut
905 2355 933 2420 si
956 2369 994 2423 tn
1016 2359 1083 2424 hoc
1107 2378 1189 2446 quaa·

120 2481 224 2547 seres.
273 2456 434 2521 Dicerem
464 2451 568 2519 etiam
596 2449 639 2514 de
662 2462 779 2537 gestu,
816 2477 895 2524 cum
914 2480 983 2546 quo
1005 2461 1188 2529 iunctusati

122 2570 334 2587 ——au—-a

120 2630 175 2678 atii
190 2629 261 2678 Ven.
282 2623 397 2747 2-3Tul.
431 2624 475 2678 M.
494 2620 626 2674 Coelium
640 2620 751 2676 Rufum
768 2622 944 2692 significavit
958 2627 1084 2684 Ellendt.
1098 2629 1128 2683 in
1138 2626 1186 2681 hist

120 2697 176 2751 Elo
200 2714 228 2747 u.
262 2696 343 2757 Ι.11.

152 2712 290 2832 veihis]pet
303 2762 470 2823 seueritatem
484 2780 527 2828 qu.
540 2762 569 2810 in
586 2760 671 2810 verbis
684 2770 710 2809 et
723 2771 790 2812 orat.
809 2780 833 2828 q.
848 2766 991 2814 mestitiam
1004 2779 1031 2816 et
1044 2768 1187 2817 severiiaieu

12 2866 15 2877 v
119 2853 167 2906 qu.
180 2836 209 2884 in
222 2834 307 2882 verbis
319 2832 440 2900 quodque
455 2830 511 2881 Vit.
525 2856 560 2870 -
576 2828 752 2897 Praepositio
765 2839 834 2881 nata
850 2847 883 2881 ex
895 2835 1079 2899 praecedenti
1091 2855 1123 2886 m.

41 2899 48 2911 ”
156 2905 296 2954 divisimus
311 2912 341 2951 ui
355 2898 426 2969 atii]
445 2911 476 2950 ea
488 2897 540 2951 alii
553 2895 877 2956 iimi.1.-ciiximusut
893 2901 945 2955 alii
958 2903 1025 2957 sch.
1038 2907 1065 2961 2.
1078 2934 1112 2947 ·-
1127 2900 1188 2957 iio

121 2975 205 3025 cimus
223 2971 278 3025 Gu.
294 2973 317 3024 1.
330 2973 358 3024 2.

155 3060 255 3111 genera
269 3054 323 3090 esse
338 3036 464 3107 diximus]
479 3053 582 3108 genera
593 3036 732 3088 divisimus
747 3035 812 3092 seh.
827 3039 855 3092 2.
874 3050 937 3108 quot
955 3053 1092 3093 oratorum
1100 3058 1130 3113 g.
1148 3049 1188 3091 eut

121 3112 246 3165 alissimus
266 3109 321 3161 Gu·
342 3110 366 3162 1.

193 3178 324 3247 Cap.17.
361 3172 403 3230 54.
439 3175 492 3226 tibi
504 3168 803 3245 enim—collocando]
822 3174 886 3230 sch.
901 3179 926 3233 1.
943 3187 1067 3249 suspect.

158 3251 191 3302 de
208 3245 352 3315 orationis]
374 3245 486 3294 oratoria
498 3243 568 3296 Ven.
581 3244 606 3296 1.
625 3242 705 3300 Med.

158 3322 191 3370 de
207 3315 335 3383 actionis]
357 3320 386 3367 rie
404 3314 509 3363 actione
523 3311 581 3364 vit.
726 3365 730 3371 .

125 3446 128 3451 ¹
192 3389 235 3443 55.
271 3388 300 3437 in
314 3381 476 3452 eloquendo]
495 3378 791 3448 1'nloquemtoven.2.
810 3382 873 3440 Ald.
887 3386 915 3439 2.
939 3384 985 3440 Cf.
1001 3384 1055 3438 ini.
1070 3386 1096 3455 g
1105 3386 1144 3441 61.

70 3487 76 3499 ·
152 3466 327 3523 evoceaique
341 3452 422 3520 auctu]
441 3470 508 3519 quae
521 3462 644 3509 concrete
656 3469 681 3505 v.
696 3471 724 3506 a.
738 3471 772 3501 m.
788 3453 856 3505 Ern.
866 3466 892 3504 et
907 3473 969 3506 voce
983 3467 1010 3506 et
1026 3469 1097 3507 motu
1105 3446 1186 3510 Veni·

123 3538 150 3578 et
166 3544 227 3576 voce
246 3534 318 3573 motu
338 3521 416 3575 Med.
437 3520 474 3572 cf.
492 3519 608 3587 Quinct.
623 3521 673 3587 XI,
689 3521 717 3586 8,
740 3524 766 3576 1.
802 3527 1017 3588 „Pronunciotio
1037 3542 1054 3575 a
1068 3524 1187 3593 plerisqffl

122 3597 194 3646 actio
207 3593 327 3657 dicitnr,
346 3590 397 3642 sed
412 3589 489 3658 prius
505 3603 611 3640 nomen
625 3606 735 3657 avcce,
753 3607 898 3658 sequensa
911 3603 992 3677 qestu
1007 3593 1118 3646 videtur
1129 3584 1188 3653 acci·¹

120 3681 196 3735 pere.
232 3664 362 3728 Namque
380 3668 510 3709 actionem
525 3659 631 3710 ¹Cicero
648 3658 718 3710 alias
733 3663 811 3727 quusi
827 3681 977 3728 sermonem,
997 3663 1066 3714 alias
1083 3664 1185 3728 eloquor

122 3737 192 3785 aiam
213 3733 347 3801 quandam
366 3730 481 3796 corporis
503 3728 588 3779 dicit..
625 3728 706 3779 Idem
726 3738 824 3780 tamen
845 3731 913 3782 duas
936 3731 995 3783 eius
1015 3743 1110 3801 partes
1127 3722 1187 3787 tacit,

124 3821 195 3874 quae
210 3810 276 3853 suut
290 3797 404 3850 eaedem
416 3795 675 3864 pronunciationis,
693 3816 780 3847 vocem
795 3811 874 3869 atque
886 3803 1016 3854 motum.“

106 3874 111 3885 ¹
156 3884 220 3942 quot
236 3866 403 3932 animorum]
422 3877 483 3933 quot
497 3868 644 3916 amicorum
656 3868 699 3920 Ju.
715 3871 738 3921 1,

153 3943 200 3993 ille
211 3934 358 4009 perfectus]
374 3942 507 4003 perfectus
522 3932 615 3987 illei„
629 3933 667 3984 cf.
684 3935 708 4001 ἕ.
718 3937 761 4000 69,
775 3937 817 3998 61,
833 3939 876 3990 81,

154 4025 286 4078 uteunque
300 4027 328 4058 aa
343 4026 370 4061 a.
387 4005 473 4054 videri
479 4004 491 4069 ]
510 4014 638 4071 utrunque
653 4003 723 4057 Ven.
740 4009 764 4058 1.
777 4034 812 4044 -
825 4009 897 4057 videa
909 4004 965 4059 Vit,

158 4076 326 4146 admovebit]
346 4074 476 4126 cruovebit
493 4073 576 4124 Mon.

158 4153 183 4199 si
200 4150 247 4199 lice
260 4145 442 4215 praecipiendi
448 4143 461 4209 ]
480 4159 535 4194 om.
552 4140 601 4189 hoc
616 4138 726 4211 Gryph.
741 4144 766 4197 1.

149 4220 265 4269 da'ccaem
279 4214 384 4283 etiam]
402 4215 516 4266 dicarem
528 4221 553 4263 et
565 4210 619 4263 Dr.
