2476 4546
123 253 167 323 ot
557 228 780 320 antron

117 405 323 495 gravissimo
340 405 514 473 discedens
530 427 571 471 eo
589 374 805 495 potissimum
818 390 1000 481 delabitur.
1042 396 1195 477 Clamores

122 524 237 577 tamen
256 523 330 577 turn
351 522 488 593 movet,
520 521 650 575 strum
669 509 707 574 in
727 508 867 575 dicendo
888 510 1080 600 plurimum
1099 512 1193 598 efficit,

59 613 113 671 112
127 636 207 679 oum
226 613 402 700 gravitatis
421 613 503 679 locis
519 611 637 678 utitur.
682 610 751 678 Sed
772 612 815 676 ab
837 614 902 678 hoo
916 604 1102 702 parumper
1114 615 1192 681 abea-

122 739 199 781 mus
235 715 509 802 quandoquidem
538 716 580 781 de
607 736 731 799 genere
754 736 824 779 non
845 715 887 780 de
908 716 1051 783 homine
1073 717 1192 804 quaeri·
1211 718 1221 785 ’Ῑ

122 842 210 887 mus.
254 819 317 885 Rei
329 816 455 906 podius,
475 817 510 882 id
528 828 588 898 est,
611 817 825 902 eloquentiae
841 817 912 883 vim
927 831 962 884 et
975 830 1191 887 natursm'ex·

99 924 300 1011 ‘plicemus
345 922 431 987 Illud
447 933 580 1000 tamen,
608 921 786 1007 quodiam
810 932 890 985 ante
919 920 1069 987 diximus
1089 918 1189 987 memi-

122 1030 292 1107 nerimus,
322 1022 372 1089 nil
388 1046 450 1089 nos
467 1022 698 1114 praecipiendi
713 1044 812 1088 eausa
826 1047 897 1089 esse
918 1024 1086 1100 dicturos.
1108 1035 1189 1109 atque
1220 1068 1223 1073 -

126 1127 174 1193 ita
189 1126 299 1214 potius
320 1137 476 1210 acturos,
507 1139 547 1190 ut
570 1126 817 1193 existimatores
837 1126 1019 1192 videamur
1031 1125 1124 1211 loqui
1136 1144 1189 1190 nor

115 1228 286 1315 magistri.
313 1230 353 1296 In
370 1250 438 1313 quo
452 1241 567 1294 tamen
581 1228 716 1313 longius
730 1251 831 1317 saepe
847 1228 1096 1317 progredimur,
1117 1224 1202 1316 quod'
1222 1268 1234 1319 ,3¹

30 1326 33 1331 ’
124 1333 285 1398 videmus
300 1354 370 1395 non
387 1342 418 1395 te
432 1331 519 1398 haeo
535 1333 645 1398 solum
660 1331 932 1405 esselecturum.
969 1332 1032 1418 qui
1053 1330 1187 1399 eamutto
1224 1328 1234 1433 1

71 1514 76 1523 ¹
122 1457 227 1523 quam
242 1444 324 1516 nos,
350 1433 409 1519 qui
431 1434 525 1519 quasi
549 1435 671 1500 dooere
690 1432 883 1514 videamur,
916 1432 1041 1499 habeas
1059 1433 1189 1501 notiores
1228 1440 1234 1517 j

123 1538 187 1603 sed
209 1538 299 1602 huno
324 1535 447 1602 librum
462 1537 575 1603 'etiam
594 1537 623 1603 si
646 1536 761 1601 minus
782 1535 1200 1604 nostra'commendatione
1231 1522 1234 1595 ζ

123 1651 187 1705 tuo
204 1651 321 1705 tamen
333 1639 472 1705 nomine
489 1620 811 1725 divulgarineoesse
826 1651 886 1720 est.

51 1741 104 1805 32
213 1744 296 1809 Esse
310 1740 416 1826 igitur
427 1741 578 1829 perfecte
593 1742 783 1830 eloquentis
798 1753 900 1830 puto,
921 1762 993 1808 non
1007 1764 1084 1808 eam
1100 1739 1188 1808 solum

18 1933 21 1937 Ι
58 1847 114 1927 113
128 1843 329 1913 facultatem
351 1844 499 1927 habore,
528 1844 677 1941 quaesit
700 1842 771 1910 eius
789 1841 950 1935 propria,
978 1842 1055 1910 fuse
1077 1834 1189 1930 lateque
1230 1838 1234 1847 '

114 1948 278 2028 ¹dicendi,
299 1946 475 2027 sedetiam
489 1947 638 2013 vicinam
655 1948 727 2013 eius
741 1956 840 2030 atque
853 1945 1039 2012 finitimam
1055 1942 1189 2012 dialecti·

121 2073 242 2115 eorum
255 2038 428 2114 scientiam
439 2071 620 2115 assumere.
663 2049 872 2136 Quanquam
887 2049 978 2113 aliud
990 2048 1125 2114 videtur
1134 2066 1189 2121 ore·

121 2151 176 2221 tio
199 2172 270 2216 esse
291 2148 386 2217 aliud
406 2150 607 2247 disputatio..
655 2173 721 2219 neo
739 2150 834 2218 idem
848 2148 942 2237 loqui
961 2150 1078 2235 [esse],
1115 2144 1188 2239 'quod
1226 2224 1229 2229 ¹

124 2348 335 2370 m

160 2490 188 2530 et
203 2498 221 2529 a
229 2476 412 2598 grqqr‘ssimo]
429 2488 460 2530 ut
472 2496 490 2530 a
499 2475 664 2550 gravissima
678 2475 750 2535 Ven.
763 2476 791 2532 1.
807 2503 842 2519 -·
856 2485 884 2527 et
899 2492 918 2527 a
928 2470 1187 2546 penetrentur
1209 2530 1214 2541 ⁸

102 2548 227 2601 ‘·-om.
241 2567 259 2597 a
296 2546 329 2600 it.
534 2547 541 2555 '
653 2561 658 2570 ·
705 2564 708 2569 ·

114 2616 127 2649 ’·
160 2616 313 2686 discedens]
334 2609 608 2671 descendendam.
1020 2676 1022 2681 ,
1155 2674 1158 2679 ,

159 2700 217 2737 tum
232 2686 333 2754 nsovet]
361 2706 420 2737 cum
439 2706 474 2743 m.
496 2687 604 2740 vem.
628 2683 694 2737 Tul.
718 2693 855 2737 -tamen
873 2701 925 2734 non
946 2682 1023 2738 mori.
1039 2682 1071 2735 in
1087 2674 1187 2752 append.
1228 2748 1232 2753 Ι

125 2758 161 2812 V.
172 2758 206 2809 L.
222 2757 265 2808 ed.
282 2757 402 2822 Hervag.
565 2756 567 2760 ’

160 2844 240 2894 quum
249 2824 414 2894 grauitatis]
435 2843 493 2875 eum
506 2822 679 2895 gravissimis
690 2821 755 2875 vet.

196 2896 255 2949 112.
293 2893 499 2961 meminerimus]
522 2910 748 2945 commemoremus
760 2895 823 2949 Vet.

160 2964 200 3016 nil
212 2962 276 3031 uos]
295 2958 368 3013 nidil
380 2982 431 3013 non
445 2964 505 3016 Vet.
882 3000 885 3004 Δ

57 3080 60 3085 .
161 3053 216 3083 esee
233 3032 364 3098 diurnos]
384 3050 440 3085 om.
453 3053 508 3084 esse
520 3034 590 3084 Ven·
606 3032 632 3085 1·
649 3028 731 3082 Med.
745 3028 814 3080 Ern·
830 3027 891 3082 Or.

161 3100 374 3167 existimatores]
394 3105 591 3151 existimatores
606 3119 661 3149 esse
674 3101 727 3151 via.
740 3098 813 3166 loqui
826 3094 884 3148 vit.
896 3123 930 3135 -··
942 3086 1189 3159 qxtsstmnttonerd·

126 3190 179 3223 non
192 3172 348 3240 snagisterio
363 3170 418 3224 Gu.
430 3168 455 3223 3.
474 3172 535 3225 Vet.
550 3200 586 3210 -
600 3169 784 3218 aestimatores
798 3165 862 3220 Ald.
877 3169 905 3221 2.
923 3165 961 3218 cf.
974 3166 1027 3226 inf,
1045 3184 1070 3219 e.
1085 3167 1126 3222 41.
1177 3224 1183 3239 ⁹

161 3241 349 3310 longiussaepe
360 3239 404 3306 p,]
433 3239 488 3290 Gu.
504 3238 530 3291 3.
547 3240 601 3289 Dr.
615 3241 676 3290 Vei.
693 3236 795 3293 Sene.
817 3236 868 3289 Or·
885 3266 920 3275 -
936 3252 993 3289 om.
1015 3256 1092 3306 saepe
1107 3236 1190 3287 Geren

159 3307 360 3379 progredimur]
377 3310 575 3377 progrediemur
590 3309 638 3359 Cr.

161 3399 213 3429 non
235 3391 261 3428 te
283 3379 350 3437 daeo
368 3376 472 3444 solum]
498 3376 555 3428 dos'
569 3388 597 3428 te
617 3394 670 3428 non
683 3375 769 3429 solum
781 3375 851 3428 Vett.
867 3376 892 3429 1.
910 3373 989 3427 Med.
1004 3402 1040 3415 -
1054 3375 1102 3426 doe
1115 3382 1139 3423 te
1152 3381 1191 3421 utu
1214 3414 1217 3421 .

127 3447 194 3499 daec
211 3445 295 3499 solum
309 3444 379 3498 Ven.
391 3450 417 3501 2.
434 3446 511 3498 Tut·
564 3487 566 3495 .

198 3519 208 3566 i
226 3518 305 3584 quasi
320 3517 424 3583 doecre]
445 3519 491 3585 qui
509 3534 541 3565 ee
555 3517 648 3566 docere
661 3514 694 3567 L.
708 3511 806 3584 steph.

160 3538 280 3651 ddtbeae]
299 3585 379 3633 haim
394 3588 464 3637 Ven-
483 3588 508 3639 1·
525 3586 551 3639 ἓ·
571 3583 651 3636 Med·
666 3583 732 3637 Tui·

162 3656 403 3723 commendatione]
424 3670 480 3707 om.
493 3659 565 3707 Ven.
581 3652 606 3708 1.

162 3724 301 3792 divulgari
321 3741 425 3771 necesse
448 3723 503 3791 est]
529 3742 633 3773 neeesse
648 3732 690 3771 est
709 3718 848 3791 divulgari
862 3720 896 3776 L.
910 3744 946 3760 ·-
965 3720 1021 3774 div.
1041 3720 1201 3771 rseeesseett⁶

126 3795 196 3850 Ern.
212 3791 316 3862 suspic.
334 3794 368 3847 V.
382 3792 474 3853 Bremi
491 3793 525 3844 de
538 3795 607 3844 Fato
620 3810 649 3861 p.
664 3792 707 3845 80.

198 3883 267 3944 Cep.
285 3879 329 3934 32.
365 3877 424 3932 113.
465 3898 521 3930 esse
536 3881 622 3950 igitur
642 3875 760 3947 persiste
778 3875 945 3945 eloquentis]
969 3894 1025 3926 rem
1049 3876 1131 3945 igitur
1144 3878 1205 3939 Μ’

129 3954 203 4021 sequi
217 3948 361 4018 eloquentis
375 3952 439 4000 vet.

118 4076 123 4089 ¹
163 4042 215 4071 non
229 4039 287 4069 eam
300 4014 398 4085 solrsm]
419 4036 469 4066 non
485 4034 543 4065 earn
556 4026 662 4065 tantum
675 4013 768 4067 (ΞΜ.
787 4011 852 4066 Sch.
867 4015 893 4067 9.

164 4089 261 4158 atque]
280 4108 313 4139 ac
328 4087 383 4142 Vit.
398 4088 480 4139 Mon.
491 4086 530 4141 L.

165 4158 329 4227 quanquam]
351 4175 503 4225 quostquam
519 4155 588 4207 enirn
601 4151 681 4202 aliud
693 4154 816 4203 videatur
834 4172 889 4202 esee
905 4152 992 4200 oratio
1012 4152 1044 4208 L.
1059 4178 1093 4192 -
1159 4186 1169 4201 .

156 4231 229 4280 silens
243 4228 320 4296 loqui
331 4226 414 4299 [esse]
430 4227 501 4298 quod
514 4222 618 4291 disere]
637 4239 695 4279 om.
705 4243 761 4276 esse
774 4222 830 4275 Gu.
846 4221 873 4275 3.
891 4220 958 4279 Seh.
970 4221 1022 4275 Or.
