2476 4546
56 1120 58 1125 ψ
104 1004 322 1213 ‘'caa.
366 1070 560 1158 uara.
604 1064 1021 1159 aao‘rscflaa

276 1303 583 1397 aaamco
621 1303 911 1396 marano

499 1544 533 1610 S.
575 1544 616 1611 Β.
658 1545 696 1612 Ρ.

55 2029 220 2162 Quod-a
253 2098 301 2139 me
328 2078 471 2158 promisco
497 2077 721 2139 humanissimis
750 2076 905 2159 petivisti,
925 2075 1064 2159 Meyere,
1092 2075 1140 2137 vir

56 2189 246 2263 amicissime,
259 2196 313 2265 ut,
335 2186 362 2244 si
382 2187 494 2264 legenti
515 2186 590 2246 mihi
611 2186 821 2245 adnotationes
845 2195 911 2245 tuas
933 2184 965 2243 iss
987 2194 1141 2265 praestan·

52 2279 164 2380 tissimi
185 2295 317 2357 oratoris
336 2294 473 2352 libellum
491 2295 741 2373 elegantissimum
763 2294 843 2354 sorte
864 2292 1057 2368 occurrisset,
1080 2312 1140 2373 quo

53 2403 156 2463 iuvari
185 2411 217 2463 te
243 2411 389 2480 tuamque
416 2421 541 2481 operam
562 2421 652 2481 posse
672 2402 885 2479 existimarem,
908 2409 1010 2461 tecum
1031 2400 1141 2461 vellem

56 2509 297 2571 communicare:
325 2507 359 2567 id
387 2527 461 2586 ego,
483 2509 621 2588 quamvis
641 2530 705 2569 nou
725 2486 833 2591 parum
853 2508 975 2587 multis,
996 2516 1032 2567 ut
1052 2508 1143 2584 nosti,

56 2630 86 2680 et
107 2619 253 2698 gravibus
272 2616 401 2694 negotiis
422 2616 597 2694 districtus,
618 2612 727 2697 negare
747 2617 805 2678 tibi
825 2617 911 2677 nullo
932 2615 1024 2677 ruodo
1046 2616 1144 2697 potui.

55 2729 194 2806 Namque
223 2733 255 2785 et
273 2722 473 2784 honorificum
490 2722 567 2784 milri
587 2734 649 2802 est,
669 2725 753 2806 quod
773 2745 873 2785 mensu
890 2724 931 2784 de
952 2723 1061 2783 studiis
1083 2724 1144 2783 tuis

57 2852 242 2912 cognoscere
263 2832 353 2910 cupis
372 2831 541 2908 iudicium,
569 2842 601 2893 et
621 2853 657 2893 ea
677 2843 782 2895 tecam
801 2830 994 2893 necessitudo
1015 2831 1145 2891 interce-

58 2943 122 3022 dit,
146 2936 203 3016 Tat,
231 2938 258 2998 si
283 2935 341 2996 tibi
363 2933 489 2995 honesta
513 2940 630 3019 petenti
657 2939 782 3019 obsequi
802 2938 984 3014 noluissem,
1015 2938 1143 2999 amicitia

10 3028 14 3037 Ι
57 3060 110 3109 tua
142 3053 204 3107 noa
230 3045 303 3105 eatis
329 3043 438 3122 dignus
465 3065 530 3104 esse
557 3045 666 3105 merito
692 3045 856 3107 iudicares.
899 3046 1004 3125 Itaque
1026 3046 1144 3105 tacian-

26 3212 30 3219 .
57 3157 130 3217 dum
161 3153 284 3234 putavi,
316 3151 402 3231 quod
424 3170 529 3230 rogas:
550 3152 600 3213 rin
627 3172 688 3233 quo
711 3153 792 3213 sicut
824 3152 914 3212 facite
934 3156 1048 3233 poterit
1069 3134 1145 3229 sieri,

59 3276 93 3325 ut
130 3260 348 3343 exspectationi
384 3260 425 3321 de
455 3279 504 3319 me
537 3268 609 3320 tuae
644 3280 708 3321 uon
737 3259 936 3334 satisfaciam,
980 3260 1040 3335 ita,
1070 3260 1144 3321 mihi

58 3372 168 3447 crede,
199 3390 260 3428 noa
280 3365 479 3447 indignabor,
499 3366 526 3426 si
546 3367 736 3448 supprimere
757 3363 812 3425 has
833 3366 1042 3429 adnotationes
1064 3389 1145 3429 meas

57 3501 149 3562 quam
171 3477 327 3558 publicare
349 3475 443 3535 satius
463 3475 630 3556 putaveris.
666 3474 796 3535 Namet
817 3473 941 3535 difficile
963 3485 1030 3537 erat
1051 3476 1157 3537 multa

56 3587 210 3668 reperire,
241 3605 318 3664 quae
346 3593 518 3644 accuratam
544 3581 701 3643 scientiam
727 3591 820 3661 atque
841 3583 1043 3643 eruditionem
1065 3574 1147 3641 tuam

56 3695 239 3755 viderentur
265 3691 397 3768 fugisse,
427 3701 459 3750 et
488 3689 580 3749 maloi
600 3689 634 3751 iu
653 3686 714 3747 hoc
735 3697 802 3749 toto
823 3689 909 3769 quod
930 3688 987 3749 tibi
1009 3696 1148 3769 praesta-

56 3823 123 3862 rem
147 3799 248 3858 officio
270 3797 435 3857 desiderari
458 3819 476 3854 a
497 3806 528 3857 te
549 3795 760 3858 dexteritatem
780 3808 888 3878 meatu,
911 3818 1001 3879 quom
1016 3814 1148 3857 amorem

57 3928 132 3989 erga
155 3918 186 3965 te
208 3928 244 3966 ac
264 3890 508 3965 benivolentiam.

58 4055 139 4134 Cap·
156 4055 185 4115 l.
206 4045 238 4130 §
256 4055 285 4114 1.
314 4048 393 4109 bene
421 4048 536 4108 sectum
563 4056 645 4128 puto.
662 4047 747 4128 quod
768 4045 916 4127 scripsisti
936 4043 1148 4124 prudentium.

104 4206 109 4225 2
148 4157 257 4239 Neque
284 4157 363 4219 enim
392 4157 529 4221 dubitari
553 4166 679 4243 potest,
708 4157 784 4243 quio
804 4152 1096 4235 miuus-promtius
1113 4151 1158 4207 s'xt
