2476 4544
99 217 122 281 e
304 145 307 155 ¹
394 246 439 271 .-
498 202 751 297 „aaaron

100 362 263 452 quentiae
283 360 503 441 dediderunt,
523 378 599 448 spes
613 356 825 443 infringatur
843 367 905 422 aut
918 357 1114 443 languescat
1132 356 1181 423 in·

103 465 242 536 dustria.
290 464 378 534 Nam
405 486 515 553 neque
538 461 625 553 illud¹
647 461 778 550 ipsum,
815 457 908 547 quod
935 471 987 524 est
1008 458 1181 546 optimum,

22 656 24 661 y
104 565 352 658 desperandum
375 577 436 647 est,
462 577 495 630 et
517 563 553 629 in
574 561 822 658 praestantibus
845 559 947 626 rebus
970 570 1181 647 magnasunt

67 683 87 737 t
109 694 166 746 ea,
189 691 275 755 quae
295 678 376 733 sunt
399 667 533 756 optimis
555 667 721 756 proxima.
766 665 875 748 Atque
902 683 964 750 ego
990 664 1180 760 'in‘summo

104 783 240 838 oratore
264 769 424 856 fingendo
446 771 549 835 talem
572 769 778 848 informabo,
802 765 909 852 qualis
932 764 1075 831 fortasse
1089 786 1176 831 nemu

103 872 181 940 fuit.
223 870 300 939 Non
326 871 417 940 enirn
445 868 589 958 quaero,
611 873 686 957 quis
708 868 832 949 fuerit,
852 868 910 937 sed
934 868 1015 956 quid
1037 869 1082 934 sit
1094 867 1175 947 illud,

103 997 171 1064 quo
191 972 281 1039 nihil
298 973 405 1066 possit
427 997 500 1045 esse
522 971 762 1062 praestantius,
789 972 882 1068 quod
903 971 940 1038 in
962 970 1175 1059 perpetuitate

63 1071 66 1079 ¹
105 1074 241 1141 dicendi
273 1065 343 1140 non
369 1099 491 1165 saepe,
521 1090 629 1162 ¹atque
657 1074 748 1142 haud
776 1073 843 1139 scio
879 1097 925 1140 an
950 1093 1116 1159 unquam,
1146 1072 1174 1139 ia

49 1240 55 1252 ,
105 1180 218 1264 aliqua
238 1189 353 1244 autem
376 1191 472 1267 parte
503 1177 853 1264 eluceatlaliquando‚
886 1176 978 1242 idem
996 1174 1174 1264 apudaliua

69 1294 86 1368 8
107 1280 260 1366 densius,
281 1281 373 1369 apud
396 1281 480 1346 alios
501 1279 646 1347 fortasse
668 1278 790 1347 rarius.
834 1278 901 1346 Sed
924 1299 985 1366 ego
1007 1279 1174 1361 sicstatuo,

105 1383 191 1452 nihil
216 1406 286 1451 esse
305 1384 342 1450 in
365 1381 436 1449 ullo
457 1405 580 1470 genere
603 1376 673 1447 tarn
695 1381 900 1469 pulchrum,
926 1396 1004 1469 quo
1019 1404 1089 1447 non
1108 1380 1175 1468 pul·

12 1544 15 1549 .
105 1487 214 1558 chrius
235 1486 271 1553 id
291 1485 352 1567 sit,
389 1486 482 1551 undo
501 1484 585 1551 illud
609 1498 647 1548 ut
666 1505 710 1549 ex
738 1507 800 1549 ore
825 1485 939 1573 aliquo
962 1489 1059 1572 quasi
1078 1487 1175 1572 imago

105 1577 337 1678 exprimatur,
365 1586 456 1674 quod
479 1609 592 1673 neque
624 1586 731 1652 oculis
766 1610 879 1676 neque
908 1589 1050 1677 auribus
1080 1608 1175 1675 neque

105 1692 177 1759 ullo
200 1711 301 1756 sensu
328 1690 457 1780 percipi
480 1700 604 1774 potest,
639 1689 844 1775 cogitatione
870 1700 1002 1756 tantum
1021 1702 1054 1757 et
1077 1700 1175 1758 mente

106 1792 376 1881 complectimur.
420 1793 537 1887 Itaque
556 1802 592 1856 et
615 1790 753 1857 Phidiae
772 1792 974 1876 simulacris,
996 1796 1117 1884 quibus
1131 1790 1175 1859 ni·

106 1897 156 1963 hil
174 1897 212 1962 in
238 1895 296 1965 illo
314 1917 437 1982 genere
463 1892 649 1982 ,perfectius
678 1893 852 1978 videmus,
891 1908 925 1962 et
957 1897 1008 1964 his
1040 1896 1177 1983 picturis,

107 2019 191 2085 quas
214 1996 416 2078 nominavi,
455 1995 603 2084 cogitare
633 2008 749 2063 tamen
777 2017 958 2087 possumus
985 2001 1176 2086 pulchriora.

111 2142 322 2162 Μ

141 2274 201 2324 cpcc
214 2253 382 2327 infringatur
396 2255 467 2327 aut]
484 2268 534 2309 aut
548 2275 605 2325 spec
616 2253 785 2327 infringatur
802 2270 859 2313 aut.
882 2258 983 2312 Lemh.
1002 2287 1038 2300 ··-
1055 2253 1180 2325 infrfni‘l'

108 2324 189 2383 codd.
209 2325 294 2378 Grut.
306 2354 343 2365 -
359 2325 479 2395 infrigat
492 2338 539 2378 aut
556 2329 631 2446 lang.
644 2330 766 2396 ingualia
776 2329 830 2383 Dr.
844 2348 904 2397 spes
915 2329 1050 2396 refringat
1064 2328 1149 2380 Gut.

141 2407 169 2447 et
186 2396 214 2444 irc
223 2397 424 2464 praestantibus
439 2396 533 2464 rebus]
549 2394 601 2446 ald
621 2436 629 2453 .
644 2398 706 2448 Asc.
719 2397 1019 2464 Iunt.Lernb.Gryph.
1035 2400 1059 2450 1.
1072 2398 1180 2470 retenti·

10 2486 15 2499 ·
91 2474 143 2502 ’-
161 2477 187 2514 ct
204 2459 425 2545 ireppraetrentibulr
447 2467 523 2517 rebar
542 2465 599 2518 Vit.
621 2473 650 2519 et
670 2467 724 2520 Dr.
745 2468 813 2534 (om.
831 2466 935 2541 copula
955 2471 994 2534 et)
1025 2467 1092 2519 Ven.
1115 2469 1139 2522 1.
1157 2464 1178 2518 2·

108 2531 459 2672 Mediiruiitiriitcglilfliit
472 2620 521 2673 ego
540 2607 604 2655 Asc.
619 2603 646 2658 2.
660 2600 771 2672 Gryph.
788 2605 814 2657 1.
1172 2649 1176 2658 .

142 2671 229 2741 poscit
240 2672 313 2737 esee]
330 2691 386 2724 cece
400 2674 494 2740 poerit.
512 2673 564 2724 Dr.
583 2672 679 2730 Guelh
692 2675 719 2728 2.
731 2674 759 2731 3.
772 2673 846 2727 vict.
862 2670 919 2728 vid.
933 2671 1181 2742 Martini-Legunt

109 2739 145 2795 ad
159 2740 219 2796 cte.
231 2740 283 2810 Ep.
297 2741 329 2793 L.
342 2741 367 2795 1.
383 2755 426 2808 ep.
440 2739 467 2796 4.
486 2741 564 2793 vellet
581 2743 627 2793 ire.
787 2757 791 2764 ’
1117 2756 1119 2760 “

145 2812 215 2878 quoti
226 2813 255 2860 in
265 2811 461 2878 perpetuitate]
478 2812 544 2874 quiri
560 2811 613 2864 Dr.

144 2880 217 2929 hauri
229 2882 284 2928 ecio
300 2897 336 2929 an
352 2884 485 2948 unquam]
502 2898 538 2929 are
551 2899 686 2952 nunquam
701 2880 920 2938 Iunt.2·1.emb.
932 2877 1181 2952 mg.1584·Scht.

109 2949 193 3002 Beier
207 2947 244 2998 ad
259 2947 319 2999 Cic.
336 2946 394 3000 off.
410 2948 443 3001 T.
461 2951 487 3004 2.
503 2965 532 3019 p.
546 2950 605 3005 192.
1115 2996 1117 3003 <

40 3036 43 3048 ·
68 3042 71 3046 ·
144 3015 264 3083 eluceat]
290 3017 358 3072 Ern.
377 3015 469 3071 elucet.

179 3087 206 3140 8.
241 3087 403 3157 είι,σιαίιιο]
428 3087 453 3136 ei
470 3096 561 3138 statuo
576 3087 635 3142 Vtt.

143 3153 601 3292 iiiiiilzmiilexphiceniiiiqliiaiecii
614 3155 784 3297 inihgrlris'et
798 3245 832 3277 ex
850 3246 893 3279 ore
905 3226 958 3283 Dr.
971 3254 1008 3268 -·
1019 3192 1136 3280 illudes
1148 3242 1181 3279 ert

107 3289 204 3360 aliquo
217 3294 296 3362 quasi
310 3303 395 3361 potest
407 3305 431 3344 ct
444 3295 535 3364 imago
549 3295 617 3348 Ven.
634 3299 661 3352 2.
682 3325 716 3338 -
733 3298 813 3368 quasi
824 3307 850 3350 et
870 3298 960 3367 imago
971 3296 1041 3351 Van.
1055 3299 1083 3355 1.

17 3372 19 3376 ’
144 3364 247 3430 percipi
263 3367 369 3430 potest]
386 3364 488 3431 percipi
496 3366 584 3432 poscit
599 3365 656 3420 Vit.
861 3381 863 3389 '

146 3431 324 3499 cogitatione]
351 3431 415 3483 Seh.
428 3434 454 3486 2.
474 3435 544 3501 quod
564 3436 737 3504 cogitatione.

145 3498 561 3650 ‘iiiiiiheiimpiiiaiogiktiiirlr
566 3500 768 3642 lloerirpirguh·
774 3572 811 3628 D.
818 3589 846 3641 p.
853 3570 915 3628 322.
933 3573 1021 3638 „Item
1033 3543 1088 3623 trec
1101 3589 1181 3624 conec

113 3649 208 3687 nantes
224 3655 275 3686 nore
288 3640 456 3689 tnueaiuntur
470 3651 495 3689 ct
512 3643 581 3690 dicae
596 3660 713 3711 graecae
728 3661 746 3694 u
761 3654 786 3693 et
799 3645 821 3707 ζ.
855 3646 882 3693 F
899 3659 951 3692 nere
969 3643 1111 3696 invenitur.
1145 3643 1181 3693 te

115 3707 186 3758 circo
201 3717 289 3757 errant
303 3707 349 3773 qui
360 3708 402 3757 eie
416 3709 534 3760 scribunt
548 3712 659 3780 triumfo
676 3730 724 3777 per
733 3709 765 3779 f.
800 3711 872 3764 Nam
886 3729 989 3762 neeesse
1003 3721 1059 3778 cst,
1082 3721 1114 3762 ut
1131 3709 1181 3762 lite

114 3794 172 3826 ram
194 3774 270 3826 illam
293 3775 426 3830 Graecam
452 3797 510 3828 cum
531 3777 645 3832 volueris
661 3783 820 3846 exprimere,
845 3800 924 3849 perp
939 3779 1036 3829 ethet
1051 3799 1066 3831 ο
1082 3780 1181 3831 scribat

114 3843 237 3913 Filippus
255 3843 285 3910 (l.
310 3845 457 3912 Φίλιππος)
482 3866 530 3907 per·
549 3867 572 3916 φ
595 3851 722 3903 scribant.
771 3851 870 3902 Latine
887 3851 913 3902 ee*
931 3847 1046 3902 voluerit
1072 3850 1181 3904 seribere

114 3931 190 3982 perp
205 3912 263 3985 eph
279 3914 413 3966 scribas.“
430 3944 465 3954 -
482 3915 537 3971 Int.
554 3919 579 3987 ᾗ.
594 3919 637 3975 79.
710 3964 715 3981 ,

150 3980 289 4051 videmus]
310 3985 424 4035 vidimus
442 3986 512 4038 Van.
531 3989 556 4040 1.
570 3989 598 4042 2.
616 3985 778 4040 Med-'Tul
860 4040 862 4046 ,

150 4049 192 4100 trie
208 4051 343 4119 picturis]
373 4053 409 4104 iic
425 4074 451 4122 p.
473 4055 534 4123 Gry
553 4053 625 4111 1κὲ.
642 4058 725 4110 Mon.

150 4123 270 4188 cogitare
286 4132 374 4171 tamen
388 4073 552 4195 puseumucf
564 4127 682 4195 cogitari
696 4127 768 4184 Kob.
785 4143 834 4193 pec
853 4123 916 4175 ‘mue
928 4125 983 4181 Dr.

146 4188 322 4259 pulchriora]
341 4189 450 4245 meliora
470 4192 527 4248 Gu·
544 4196 572 4250 2.
588 4194 752 4266 pulchriores
771 4210 829 4265 mg.
874 4192 983 4247 othofr·
