2476 4546
61 224 121 281 uv
401 216 836 299 rsorscuesli

150 412 205 450 rus
226 392 277 449 sit.
318 387 441 451 Iuvabit
464 342 795 448 contulisselllattlrias
815 380 917 442 adnot.
939 381 979 445 ad
992 390 1075 444 orat.
1093 400 1149 462 pre

125 498 129 506 ’
149 500 215 578 lege
235 496 337 557 Munil.
358 492 388 577 §.
402 500 455 564 34.
931 486 934 491 ’

65 641 138 722 Cap.
154 645 205 706 22.
226 658 276 720 pr.
294 637 371 699 milri
393 636 515 718 quidem
538 633 631 713 magis
653 624 755 713 place't
774 631 969 693 Lambinians
982 629 1078 693 lectio
1092 631 1147 689 ¹etsi

153 751 233 807 enim
254 751 320 815 sinc
340 730 399 807 res
426 744 518 819 Quod
545 740 625 802 enim
654 738 718 799 tibi·
733 720 926 802 scribendum
946 729 1074 802 videtui
1093 738 1146 795 mi

64 938 67 943 .
150 858 217 914 sine
240 876 272 913 re
292 857 389 932 enim,
413 873 506 934 quum
527 871 594 911 non
608 832 749 931 ”potueris
771 848 880 910 fulcire
900 849 958 909 nisi
979 847 1144 928 scripturae
1196 922 1199 930 Ι

77 960 82 971 “
152 960 350 1041 compendio,
373 981 435 1041 quo
456 961 488 1020 in
509 958 568 1018 hac
587 978 665 1018 voce
685 957 734 1019 usi
755 956 869 1017 fuerint
888 955 1018 1034 librarii,
1038 973 1144 1015 vereo-
1175 1018 1179 1031 ξ

152 1069 226 1130 dum
249 1077 324 1149 puto
346 1078 383 1128 ut
404 1067 474 1127 satis
496 1066 672 1127 muniveris.
691 1068 694 1073 '
716 1065 780 1125 Nec
799 1084 875 1124 vero
896 1061 1143 1139 commode'satio,
1171 1098 1174 1105 ·

151 1187 187 1238 ut
209 1176 328 1256 opinor,
357 1175 418 1235 huc
446 1160 588 1236 ietuleris
616 1172 814 1247 Quinctilium.
856 1174 930 1234 lust.
961 1172 1045 1234 Oret.
1066 1173 1106 1247 X,
1118 1175 1144 1247 1,

157 1288 207 1350 16.
235 1285 353 1345 Vivum
374 1284 478 1368 omnia
500 1281 579 1341 enim
596 1291 625 1338 et
645 1291 814 1340 moventur.
838 1280 901 1357 (ubi
921 1282 984 1342 vid.
1006 1279 1076 1340 adn.
1097 1274 1144 1361 m.)

155 1391 207 1452 cui
222 1391 318 1453 simile
341 1387 415 1469 quid
428 1387 540 1466 legitur
555 1387 637 1468 apud
658 1387 719 1447 Cic.
741 1387 780 1448 ad
802 1388 868 1452 Aet.
891 1388 975 1469 xlv,
991 1396 1022 1457 6.
1044 1386 1147 1448 odiosa

159 1500 216 1558 illa
245 1498 323 1558 enim
348 1497 487 1572 fuerant.
523 1490 583 1580 (af.
605 1495 765 1558 Heindorf.
794 1496 832 1557 ad
859 1496 974 1565 Horat,
996 1498 1087 1561 Satir.
1110 1495 1146 1574 ll,

156 1614 189 1684 7,
213 1605 302 1684 105.)
340 1602 457 1677 Quodsi
477 1604 557 1664 illud
578 1606 644 1663 sine
664 1626 696 1663 re
716 1604 861 1665 maiorem
881 1599 946 1666 vim
967 1604 1080 1666 habers
1102 1624 1149 1665 vo-

156 1715 241 1776 lebat
263 1713 378 1790 Cicero,
396 1712 468 1768 aine
487 1733 520 1771 re
541 1714 621 1770 enim
641 1715 699 1770 etsi
721 1712 813 1771 uuila
832 1715 882 1773 via
900 1713 987 1773 verbi
998 1692 1050 1773 :eet
1069 1711 1150 1773 haud

47 1876 49 1883 .
159 1829 336 1885 cunctanter
356 1827 485 1901 ,poterat
513 1819 655 1879 scribere.
698 1821 763 1899 Ego
791 1839 867 1881 vero
898 1819 1028 1901 siquid
1053 1820 1152 1898 video,
1177 1856 1187 1873 ·

159 1930 243 2013 quod
272 1927 376 1988 invitis
405 1926 491 1986 libris
528 1927 664 1986 omnibus
688 1947 765 1986 cum
793 1929 937 1988 Lumbino
966 1929 1154 1990 intruserunt
1196 1956 1199 1971 =

159 2035 318 2117 Soliiitzius
341 2044 373 2094 et
397 2033 538 2115 Orellius,
559 2035 613 2096 vix
627 2028 828 2094 necessarium
846 2035 988 2097 arbitror.
1020 2037 1068 2098 Cl.
1091 2036 1154 2099 Liv.

146 2144 237 2206 ⁴Hist.
256 2149 285 2220 1,
306 2146 381 2223 27⁰.
403 2140 513 2200 {llrllus
539 2132 794 2223 equitem'redire
820 2146 853 2203 in
874 2145 1034 2225 praelium
1060 2144 1156 2204 iubet:

161 2252 245 2313 nilzil
270 2245 475 2327 trepidatione
504 2270 582 2329 opus·
611 2238 687 2309 ease:
716 2271 773 2309 auo
808 2250 915 2330 [intell.
944 2248 1038 2335 enim]
1068 2255 1159 2311 iussu

78 2396 81 2401 ,
160 2353 352 2420 circumduci
379 2354 540 2414 Albanum
567 2359 748 2433 exercitum,
779 2368 816 2415 ut
843 2356 1045 2423 Fidenatium
1072 2370 1161 2441 terga

162 2463 325 2526 invadant.
367 2461 412 2522 ld.
436 2466 489 2539 29,
510 2468 539 2529 6.
572 2464 646 2543 Spes
675 2466 794 2525 Locros
815 2464 920 2525 urbem
940 2452 1110 2549 recipiendi
1128 2488 1162 2527 ex

78 2584 83 2609 ¹
160 2575 293 2633 minima
313 2578 345 2631 r'e
366 2570 509 2651 adfulsit.
551 2570 730 2631 Latrociuiis
752 2575 845 2652 magis
868 2568 967 2655 quam¹
983 2578 1065 2635 iusto
1086 2576 1162 2635 bello

163 2684 197 2741 iu
216 2662 357 2740 B'rauiis
375 2679 562 2759 gerebantur
583 2701 641 2738 res.
687 2679 747 2753 Qui
767 2680 829 2739 loci
845 2680 924 2741 'licet
946 2682 1051 2762 paullo
1074 2684 1166 2757 aliter
1189 2720 1192 2725 <

166 2787 334 2872 comparati
356 2787 418 2853 sint
438 2807 528 2869 quam
551 2785 715 2864 Ciceronis,
736 2785 797 2846 hoc
818 2770 1087 2869 cerie'declaranss
1109 2812 1166 2853 ve·

165 2909 246 2959 teres
272 2895 395 2987 Latinos
424 2893 509 2953 iuxta
531 2891 608 2965 'cum
638 2894 763 2955 Graecis
785 2894 1167 2979 omisissenonnuuquam

166 3003 312 3091 eiusmodi
339 3000 519 3083 particulas,
549 3003 601 3061 ubi
621 3002 710 3063 uobis
732 3023 771 3061 ex
789 3002 970 3080 vulgaribus.
985 3008 1169 3082 grammati-

168 3132 274 3173 corum
294 3109 467 3190 praeceptis
487 3109 618 3177 maxime
645 3109 807 3170 videantur
826 3111 1022 3174 necessariae.
1063 3108 1171 3195 Atque

166 3217 260 3279 liuius
289 3215 414 3297 quidem
428 3216 605 3280 omissionis
628 3216 702 3277 uliae
724 3216 756 3277 iu
777 3217 843 3277 aliis
862 3217 940 3281 locis
961 3220 1095 3284 rationes
1115 3243 1170 3285 re-

166 3325 338 3406 periuntur,
361 3341 437 3405 quas
458 3323 510 3385 hic
531 3325 686 3407 explicare
705 3324 830 3404 longum
857 3335 912 3387 est.
946 3366 950 3393 :

84 3484 157 3565 Cap.
180 3488 232 3549 28.
261 3478 294 3560 ff.
310 3488 362 3550 78.
392 3504 455 3544 non
483 3503 610 3564 prorsus
639 3483 678 3544 cle
698 3480 794 3542 nihilo
820 3481 946 3545 videtur
965 3484 1056 3545 Nonii
1077 3486 1172 3547 lectio

169 3611 223 3648 nea
252 3589 427 3648 calamistri
456 3590 580 3672 quidem
586 3613 596 3665 ς
635 3590 827 3672 quantumvis
855 3592 944 3651 facile
971 3591 1008 3652 ab
1037 3594 1172 3655 lib'rariis

170 3695 265 3758 errari
291 3697 434 3776 potuerit.
477 3699 545 3758 vid.
570 3697 637 3758 adn.
657 3699 695 3759 ad
717 3699 861 3772 Quinctil.
882 3702 922 3776 X,
946 3706 974 3778 1,
989 3706 1040 3767 38.
1064 3706 1097 3777 7,
1118 3709 1170 3769 32.

170 3804 374 3882 Similiterque
395 3803 473 3862 infra
495 3805 613 3887 5107.
633 3807 790 3886 perplacet
811 3807 962 3888 Viteberg.
987 3808 1095 3869 Codex
1119 3831 1174 3869 neo

172 3913 218 3971 ad
237 3932 315 3970 saxa
336 3909 460 3990 quidem
480 3914 637 3993 praebens.
663 3923 693 3974 et
709 3935 781 3974 mox
795 3911 825 3995 §.
843 3922 916 3983 108.
937 3919 1034 3976 necin
1053 3917 1173 3977 Graeco

59 4076 63 4087 ,
171 4018 304 4100 quidem.
332 4019 409 4080 Item
431 4016 461 4100 §
481 4024 552 4088 158.
572 4042 625 4080 nec
647 4022 698 4080 hie
720 4022 843 4103 quidem
860 4023 920 4103 legi
941 4017 1108 4085 maluerim.

87 4150 160 4234 Cap·
175 4153 229 4219 24.
248 4147 285 4234 5·
307 4155 361 4222 82.
395 4150 562 4216 rectissime
583 4151 717 4227 reiecisti
736 4151 946 4218 Schiitzianam
968 4152 1174 4216 coniecturum
