2476 4546
384 178 822 282 raorscunar

149 396 243 458 altera
272 396 366 459 forma
383 388 590 476 prudentum.-
612 410 672 471 qua
693 389 792 449 sicubi
812 360 918 451 utstslr
939 391 1069 469 Cicero,
1094 408 1141 454 mr

149 505 224 564 meri
245 505 338 583 magia
360 512 392 564 et
412 501 532 562 aurium
553 517 643 578 quam
665 498 819 577 analogiae
839 499 987 559 rationem
1007 492 1141 561 habuisse

148 610 340 672 crediderim.
382 596 529 672 Varronis
558 606 663 683 locus,
692 624 755 684 quo
781 606 899 683 uteris,
929 626 1038 669 vereor
1062 609 1142 687 equi·

150 719 219 781 dem
242 730 277 781 ut
298 717 371 778 satis
392 713 550 778 commoda
567 712 629 774 huc
649 714 808 779 reseratur.

64 840 135 920 Cap.
152 845 184 906 3.
205 838 306 920 512.
327 814 445 899 mallem
471 837 616 895 intactam
636 834 809 914 reliquisses
834 835 989 914 vulgatam
1011 834 1141 915 scriptu·

149 967 215 1006 ram
244 947 449 1026 reliqueram.-
483 962 574 1023 quam
607 941 712 1002 Cicero
741 943 806 1022 ipse
833 942 984 1003 veriorem
1019 941 1141 1022 putavit

148 1026 1142 1137 mmmnmmmwwwmmm

13 1218 22 1231 ,
147 1161 206 1222 bus
218 1160 389 1239 indulgenti
401 1180 434 1221 se
448 1159 578 1220 libenter
593 1156 731 1239 obsequi,
752 1156 888 1220 adhunc
905 1136 1141 1240 quidemdocuu

149 1269 250 1330 minus
270 1267 394 1330 'videtur
414 1265 579 1349 pertinere.
611 1324 616 1341 ,
858 1263 863 1269 ’

45 1377 141 1488 ⁸(lap.
163 1411 195 1474 4.
215 1405 313 1490 §.15.
335 1409 439 1471 nescio
460 1430 499 1470 au
519 1392 703 1470 restituenda
723 1407 818 1471 suerit
836 1407 1106 1476 sorma'PericIen.
1165 1488 1171 1505 ι

69 1537 142 1619 Cap.
157 1543 188 1602 7.
211 1532 239 1620 §.
253 1545 306 1606 23.
331 1549 413 1602 recte
433 1549 521 1607 notas
540 1539 697 1600 insuavem
716 1535 849 1599 eiusdem
866 1542 932 1601 soni
947 1543 1143 1604 iterationem.

153 1644 214 1703 Sed
245 1667 322 1726 quae
348 1650 506 1728 praeterea
538 1665 755 1706 commemoras
786 1649 941 1728 exempla,
969 1651 1008 1712 de
1029 1652 1069 1713 iis
1090 1670 1146 1712 uon

152 1763 230 1832 pato
251 1754 308 1816 tibi
329 1754 556 1819 adsentiendum
577 1774 651 1818 esse.
694 1752 771 1813 Nam
799 1756 882 1834 quod
901 1766 948 1819 est
967 1757 1000 1845 5.
1018 1763 1077 1826 41.
1101 1760 1147 1821 val
1172 1758 1175 1765 '

152 1859 405 1942 interpunctionis
433 1865 512 1925 ratio
540 1862 613 1923 satis
634 1860 767 1922 ostendit
788 1862 917 1923 alienum
938 1887 1004 1931 esse
1026 1876 1061 1929 et
1081 1889 1147 1927 con·
1176 1926 1179 1933 .

154 1970 289 2035 trarium.
333 1971 471 2033 Alterum
489 1969 521 2053 5
539 1974 591 2038 39.
620 1968 844 2030 excusationem
867 1970 961 2033 habet
982 1996 999 2033 a
1018 1976 1148 2057 propriis

154 2078 337 2138 norninibus.
382 2075 442 2136 Sed
462 2096 501 2138 no
522 2075 646 2138 tertium
667 2076 790 2155 quidem
811 2079 912 2140 locum
936 2080 1046 2143 afferro
1064 2082 1150 2145 debc-
1175 2122 1178 2133 ·

101 2207 103 2210 >
154 2181 222 2244 bas:
248 2185 282 2244 in
309 2205 371 2264 quo
399 2205 477 2265 quae
506 2188 572 2246 sola
598 2185 632 2244 in
658 2204 780 2245 censum
800 2162 908 2248 venire*
925 2189 1151 2269 quodammodo

154 2301 284 2370 possunt
304 2292 397 2352 verba
417 2285 563 2372 exiguum
582 2313 744 2359 numerum
764 2305 937 2374 oratorum,
957 2295 1038 2357 nihil
1058 2298 1149 2359 offen·

156 2397 247 2476 dent,
285 2399 311 2459 si
341 2400 570 2487 esa-innumeris
595 2402 672 2461 locis
698 2398 759 2461 hoc
793 2422 886 2462 unum
916 2385 1150 2491 comparaveris,

156 2507 241 2586 quod
263 2507 353 2569 modo
375 2506 493 2573 dixerat
514 2507 580 2569 Cic.
601 2505 630 2591 §.
653 2496 744 2569 huius
764 2509 836 2570 libri
859 2516 911 2577 22.
932 2513 1063 2571 Horum
1084 2510 1155 2573 sirr·'¹

153 2614 303 2695 gaiorum
323 2637 477 2695 generum.
499 2617 626 2696 Reliqua
639 2617 692 2677 illa
708 2627 853 2693 aetatum,
874 2628 1055 2699 temporum,
1077 2624 1153 2683 civi-

156 2730 275 2801 iatum,
312 2743 352 2783 na
382 2722 613 2803 superbissimus
648 2723 770 2803 quidem
798 2723 892 2784 iudex
923 2724 1152 2809 improbaturus

156 2828 261 2890 suerit.
307 2832 508 2907 Quinctilium
527 2832 599 2892 luat.
622 2832 710 2894 Orat.
727 2835 769 2906 X,
788 2835 820 2907 5,
839 2835 885 2896 10.
930 2835 1015 2893 Nom
1038 2838 1075 2895 in
1095 2828 1152 2897 illa

156 2939 325 3019 multiplici
344 2955 552 3021 personarum,
570 2960 681 3018 reram,
695 2949 874 3019 temporum,
887 2940 1038 3018 locorum,
1057 2945 1152 3007 dicto·

156 3063 245 3123 rum,
272 3049 440 3126 factorum,
471 3046 651 3107 diversitate
671 3047 771 3124 facile
797 3044 948 3106 delitescit
976 3051 1151 3130 infirmitas.

154 3153 249 3215 Aliud
277 3155 468 3217 annuendum
489 3154 529 3216 de
548 3154 586 3214 iis
612 3152 706 3224 locis.
735 3173 812 3232 quos
835 3154 926 3226 citavi
946 3156 979 3216 in
1001 3160 1151 3221 co'mm'e'n·
1176 3158 1180 3167 ’

154 3272 211 3323 tar.
234 3263 273 3323 ad
295 3263 393 3325 eiusd.
417 3260 483 3345 cap.
504 3268 537 3328 7.
558 3259 592 3343 5
606 3265 660 3327 26.
682 3283 722 3322 ex
742 3262 866 3324 Tusoul.
896 3262 981 3344 Disp.
1002 3275 1034 3326 et
1054 3267 1081 3329 Ι.
1099 3268 1152 3332 lib.
1174 3242 1176 3247 ¹

154 3371 194 3431 de
215 3372 251 3433 N.
274 3372 336 3436 llll.
360 3370 441 3432 add.
463 3369 571 3431 lustin.
601 3368 680 3431 Hiar.
698 3370 780 3447 xlv,
797 3374 829 3446 3,
844 3375 875 3436 3.
890 3374 1039 3451 praemia
1057 3352 1153 3459 longa

155 3480 273 3541 militia
288 3490 389 3561 parta
406 3477 617 3560 perdiderunt.
652 3485 653 3488 ’

156 3586 200 3644 lle
229 3586 325 3647 sorma
352 3586 521 3651 increbruit
549 3585 640 3646 unioe
665 3578 764 3667 probo
793 3584 877 3665 quod
897 3585 939 3648 ait
958 3582 1154 3651 Heindarlius

156 3693 195 3751 ad
216 3692 323 3754 Horat.
346 3695 438 3756 Satir.
454 3695 493 3772 ΙΙ,
511 3693 544 3766 5,
559 3699 613 3772 98.

72 3828 145 3915 Gap.
162 3840 192 3900 8.
213 3833 245 3914 5.
261 3836 314 3901 26.
343 3836 416 3897 milri
441 3838 535 3921 inagis
563 3835 664 3916 placet
690 3837 825 3916 opimum
847 3831 1007 3914 quoddam
1028 3847 1059 3896 ei
1079 3847 1155 3898 tarr-

158 3964 253 4021 qaam
277 3942 395 4023 adipale
416 3941 562 4001 dictionis
582 3966 697 4029 genos,
719 3944 769 4005 vel
788 3952 967 4022 propterea,
984 3918 1076 4023 'quod
1098 3946 1156 4029 {td-¹

15 4080 30 4089 -
65 4106 69 4121 ,
156 4049 299 4111 iectivum
321 4072 392 4115 curu
412 4071 482 4111 voc.
509 4056 607 4130 gerrem
627 4052 731 4133 potius
752 4050 891 4128 coniungi
913 4049 1042 4111 debebat
1065 4073 1156 4131 quam

100 4213 104 4219 ,
160 4174 227 4220 cum
248 4156 383 4239 genitivo
413 4154 578 4239 dictionis,
613 4161 667 4245 qui
694 4159 793 4222 omitti
819 4158 909 4220 etiam
928 4157 1016 4227 nullo
1037 4169 1155 4225 senten·
