2476 4546
297 208 360 279 au
383 206 613 319 uincula
652 208 888 304 npuruu.
1065 216 1127 283 no

50 373 115 429 tunt
135 359 299 450 σχήματάε
339 360 387 429 At
406 382 477 429 non
496 374 548 429 est
567 384 675 430 unum
699 386 761 430 nee
781 364 872 431 idem
881 411 898 455 ,Ι
920 365 1011 453 quod
1033 376 1187 433 voce182

49 461 223 531 iucundum
246 476 315 549 est,
353 464 444 551 quod
464 464 697 533 moderatione
722 467 930 545 absolutum,
967 480 1000 532 et
1027 469 1120 555 quod

50 560 266 633 illuminatum
296 589 420 653 genere
448 568 653 648 uerborum,
693 590 887 655 quanquam
916 569 951 635 id
981 570 1120 656 quidem

50 666 217 735 finitimum
251 680 304 734 est
326 692 486 749 numero,
521 668 601 754 quia
627 692 691 758 per
722 694 758 736 se
778 673 981 758 plerumque
997 672 1120 758 'perle-

52 781 125 835 etum
146 781 213 835 esta
247 772 447 861 compositio
478 781 593 835 autem
622 773 665 835 ab
694 785 838 862 utroque
860 774 975 839 diflert
983 823 1013 855 ,,
1031 797 1118 859 quae

52 883 108 937 tota
132 871 422 957 servit-gravitati
448 880 575 939 ”vocum
602 886 661 938 aut
687 877 854 943 suavitati.
900 878 991 943 Haec
1012 878 1115 964 igitur

52 968 109 1039 lere
126 986 226 1050 suut,
247 975 284 1041 in
306 977 428 1063 quibus
448 977 498 1042 rei
518 990 640 1042 natura
661 980 854 1063 quaerenda
876 978 928 1046 sit.

115 1077 197 1143 Esse
219 1099 298 1165 ergo
319 1080 355 1144 in
377 1078 530 1145 oratioue
552 1102 733 1144 numerum
758 1080 946 1167 quendam,
972 1102 1040 1147 non
1066 1092 1117 1146 est
1139 1087 1181 1154 55

52 1176 165 1245 difficile
187 1200 395 1265 cognoscere.
420 1182 551 1249 Iudicat
566 1181 656 1247 enim
671 1203 803 1249 senous:
824 1182 860 1246 iu
876 1203 944 1267 quo
958 1182 1114 1268 iniquum
1129 1192 1180 1248 183

52 1292 107 1361 est,
132 1276 221 1367 quod
248 1286 389 1365 accidit,
422 1307 490 1349 non
520 1307 723 1367 agnoscere,
753 1285 799 1359 si,
825 1293 893 1349 'cur
919 1285 954 1349 id
980 1284 1118 1366 accidat,

52 1382 181 1470 reperire
199 1405 420 1471 nequeamus.
441 1386 556 1469 Neque
571 1387 660 1449 enim
682 1387 753 1473 ipse
775 1408 892 1450 versus
914 1387 1045 1451 ratione
1067 1400 1117 1453 est

53 1480 205 1576 cognitus,
234 1488 292 1555 sed
314 1501 436 1557 natura
458 1502 562 1574 atque
582 1511 698 1569 sensu,
728 1511 828 1575 quem
852 1489 1005 1555 dimensa
1026 1491 1114 1555 ratio

55 1587 161 1673 docuit,
184 1590 275 1677 ¹quid
305 1591 472 1677 acciderit.
515 1595 565 1660 lta
587 1591 711 1657 notatio
734 1603 878 1656 naturae
900 1603 934 1656 et
957 1594 1114 1657 animad-

54 1693 141 1759 uersio
160 1694 295 1783 peperit
316 1705 435 1761 artem.
480 1693 546 1763 Sed
568 1693 604 1758 iu
633 1694 790 1759 versibus.
803 1717 857 1758 res
881 1704 930 1758 est
952 1695 1114 1782 apertior,

56 1819 224 1885 quanquam
256 1796 358 1861 etiam
381 1819 402 1860 a
424 1796 531 1860 modis
553 1796 753 1879 quibusdam
780 1807 882 1860 cantu
904 1810 1035 1861 remoto
1057 1820 1115 1860 so-

54 1897 106 1964 luta
125 1923 191 1967 esse
211 1899 371 1966 videatur
390 1897 513 1977 oratio,
537 1898 753 1981 maximeque
774 1899 808 1963 id
830 1899 866 1961 in
883 1899 1011 1986 optimo
1031 1921 1115 1983 quo-

57 2021 240 2085 queeorum
270 2011 464 2091 poetarum,
495 2001 550 2086 qni
573 2000 707 2085 λυρικοὶ
728 2024 748 2063 a
770 1999 908 2065 Graecis
931 2000 1113 2065 nominan-

56 2114 110 2184 tur,
126 2128 206 2194 quos
230 2126 309 2171 eum
338 2114 440 2167 cautu
469 2104 679 2191 spoliaveris,
713 2105 806 2168 nuda
826 2126 935 2190 paene
957 2113 1113 2167 remanet

57 2210 146 2275 oratio.
188 2206 347 2297 Quorum
375 2198 498 2270 similia
518 2217 596 2270 sunt
617 2206 781 2291 quaedam
805 2205 907 2270 otiam
929 2203 1020 2292 apud
1042 2212 1177 2272 no-184

58 2317 134 2390 atros,
157 2311 248 2375 velut
269 2310 327 2375 illo
347 2307 383 2374 in
405 2306 577 2396 Thyeste:
614 2334 619 2341 ·

58 2415 238 2435 Nn·—

83 2476 214 2551 σχήματα]
232 2482 369 2532 utinmotu
379 2481 449 2532 Ven.
462 2482 489 2535 2.

108 2554 159 2607 182
194 2563 287 2603 aaaron
302 2555 360 2615 eat]
377 2569 477 2601 annon
500 2547 615 2602 estAld.
634 2550 715 2603 1.]11.
738 2549 799 2601 Vel.
825 2546 936 2617 Gryph.
956 2549 980 2602 1.
1000 2575 1035 2587 -·
1053 2562 1111 2600 om.

62 2622 150 2678 navit.
212 2674 215 2679 ,

81 2708 118 2739 m
127 2690 211 2758 idem]
230 2707 279 2739 nee
293 2689 324 2739 id
338 2690 408 2738 idem
420 2688 489 2741 Ven.
503 2690 527 2743 1.

82 2762 138 2825 quael
150 2758 345 2825 emanatione]
357 2760 404 2809 Sie
422 2774 478 2813 om.
488 2770 512 2809 ct
526 2765 593 2808 ante
602 2758 672 2824 quod
678 2755 735 2808 Vit.
745 2756 873 2810 Dr.Ven.
889 2759 913 2810 1.
922 2758 948 2811 2.
958 2753 1036 2806 Med.
1045 2753 1111 2834 Tul.

59 2823 105 2877 odd.
116 2827 207 2881 Ceteri
220 2839 257 2879 ee.
274 2856 309 2867 -
321 2830 500 2879 moderatione
519 2826 669 2881 absolutum
690 2825 836 2895 intelligo,
856 2829 933 2896 quod
945 2825 1109 2889 intervallis,

54 2894 125 2949 modis
139 2896 304 2950 absolutum
315 2905 400 2966 atque
412 2896 568 2964 perfectum
584 2903 637 2967 est.

81 2978 101 3015 et
111 2968 177 3036 quod
196 2966 395 3033 illuminatum]
415 2978 444 3016 at
469 2968 539 3032 quod
554 2966 616 3017 Vel.

79 3038 325 3101 grauitativocum]
347 3051 404 3086 om.
418 3053 509 3085 vocum
531 3036 592 3085 Vet.
787 3034 790 3043 '

85 3169 90 3183 .
107 3106 170 3174 Gap.
189 3106 233 3161 65.
265 3104 323 3159 188.
357 3124 413 3154 eree
425 3106 500 3171 ergo]
519 3106 603 3167 igitur
614 3103 685 3155 Ven.
695 3104 718 3156 l·
728 3105 755 3158 2.
770 3099 1109 3157 Med.T111.Atdd.Cr.L.

81 3172 671 3313 titgl.i2:².¹{t‘vlt¹¹·n².illitati
682 3188 760 3294 illl?
780 3173 1041 3294 tttftltt‘ti.
1059 3240 1106 3292 c..

57 3302 119 3367 Matr.
131 3314 173 3365 Ju.
186 3313 221 3365 L.
236 3311 289 3365 Or.
302 3341 337 3353 -
353 3315 629 3382 cognoscentem.
645 3312 687 3364 ed.
703 3310 778 3366 1584.
801 3312 884 3364 Grut.
899 3312 968 3364 Em.

82 3396 118 3431 aar
128 3384 155 3433 iat
168 3382 300 3449 aecidat]
318 3385 420 3433 accidit
432 3382 484 3432 Dr.
499 3382 566 3433 Ven.
593 3385 616 3434 1.
629 3384 655 3435 2.
668 3383 749 3432 Med.
765 3381 830 3433 Tul.

81 3464 149 3519 utque
162 3452 233 3503 mim
244 3454 303 3520 ipsc
312 3457 418 3516 taraus]
437 3471 519 3520 aeque
528 3470 617 3501 versus
631 3452 692 3502 Vet.
702 3481 737 3490 -
749 3467 806 3502 om.
821 3454 877 3518 ipae
891 3451 944 3500 Dr.

81 3522 281 3587 auaturemoto]
299 3532 398 3571 remota
413 3522 465 3574 Dr.
490 3521 557 3574 Ven.
577 3522 603 3575 2.
621 3549 653 3558 -
668 3522 695 3571 in
717 3522 802 3570 modis
826 3521 999 3589 quibusdum,
1029 3527 1110 3567 contu

56 3598 147 3655 remoto,
164 3590 252 3641 soluta
268 3590 337 3641 Ern.
351 3590 455 3658 suspie.

79 3656 193 3728 laqtaol]
211 3658 294 3721 lyrici
309 3659 388 3713 Med.
403 3657 512 3724 Gryph.
525 3659 550 3712 2.
565 3657 603 3708 cf.
621 3655 738 3724 Quinet.
758 3656 816 3723 IX,
833 3656 864 3719 4,
882 3656 925 3711 53.
1089 3722 1094 3733 ¹

79 3729 255 3796 temnuntur]
273 3731 425 3781 nominatur
439 3727 517 3785 Med.
532 3757 567 3766 -
580 3737 644 3797 post
656 3727 823 3779 nominantur
837 3725 992 3781 Lambinus
1009 3723 1109 3776 inserit

57 3802 225 3935 apiiiiaiiam]
244 3884 288 3916 eoo
302 3886 359 3917 eum
373 3868 434 3922 Vel.
454 3866 509 3921 Gtt.
526 3866 553 3922 3.

80 3935 456 4068 ..ernamur
576 4041 580 4047 .
970 4067 976 4081 ,

79 4070 137 4143 ”elul
154 4074 216 4143 itta]
241 4074 296 4126 Vit.
312 4077 364 4130 Dr.
380 4077 448 4129 Ven.
464 4076 488 4129 1.
503 4072 581 4126 Med.
597 4072 664 4128 Tul.
684 4072 748 4127 Atd.
770 4074 797 4128 1.
815 4073 859 4123 Ju.
878 4070 926 4120 Cr.
942 4069 1016 4151 qut.
1028 4067 1108 4118 Man.

56 4140 145 4195 *vetra
157 4144 205 4195 itta
218 4143 282 4197 Atd.
294 4146 321 4202 2,
338 4147 371 4199 1..
388 4144 484 4215 steph.
503 4145 571 4196 Eun.
586 4145 669 4196 Grut.
684 4143 750 4196 sch.
760 4144 810 4194 Or.
826 4168 861 4182 ·-
871 4138 945 4191 velut
962 4157 991 4190 m
1001 4137 1111 4206 Thyeste

51 4197 108 4261 ltu
119 4214 144 4267 2.
158 4212 264 4282 Gryph.
278 4220 303 4269 1.
