2476 4546
274 174 287 219 l

97 240 172 307 -1o
322 326 327 333 Ι
399 230 402 237 ·
563 218 786 301 oneror
856 203 858 209 ’
919 212 976 279 -“

126 410 190 453 nec
219 384 382 475 copiosius
407 385 450 451 de
478 386 609 473 magnis
639 386 808 474 variisque
830 384 933 451 rehus
952 384 1028 451 sine
1053 385 1208 474 philosos

70 496 104 554 15
124 489 201 576 phia
220 501 329 578 potest
348 489 526 574 quisquam
546 488 675 568 dicere,
697 487 863 574 siquidem
885 488 987 554 etiam
1002 488 1040 553 in
1055 489 1204 557 Phaedrn

122 591 272 658 Platonis
303 595 369 658 hoo
397 591 562 658 Periclem
587 592 791 679 praestitisse
816 592 934 658 ceteris
955 591 1037 658 dicit
1060 592 1201 659 oratori·

122 696 185 760 hus
200 694 368 774 Socrates,
391 695 480 782 quod
498 693 526 758 is
541 693 769 782 Anaxagorae
784 693 914 781 physici
930 693 1034 760 fuerit
1052 695 1208 771 auditore.

120 820 142 863 a
173 819 240 883 quo
269 807 384 862 censet
419 818 516 874 eum,
559 818 639 861 cum
676 797 741 861 alia
771 797 945 883 praeclara
975 799 1142 882 quaedam
1170 806 1206 863 et

119 884 298 986 magnifica
313 898 499 980 didicisset,
521 896 661 963 uberem
679 911 714 963 'et
730 896 917 963 fecundum
934 880 1047 979 fuisse,
1069 922 1206 966 narum·

121 1025 189 1088 que
220 1002 322 1088 (quod
352 1011 401 1065 est
431 998 641 1087 eloquentiae
668 1000 874 1079 maximum)
901 1001 1025 1086 quihus
1046 1002 1206 1069 orationis

119 1103 231 1171 modis
261 1125 414 1190 quaeque
444 1092 635 1168 animorum
668 1114 781 1190 partes
814 1104 1030 1189 pellerentur.
1099 1104 1204 1194 Quod

119 1207 211 1271 idem
232 1205 275 1270 de
296 1206 526 1272 Demosthene
547 1204 735 1271 existimari
754 1216 880 1292 potest,
901 1205 997 1271 cuius
1018 1230 1062 1273 ex
1078 1209 1204 1296 episto-

120 1310 161 1374 lis
184 1309 326 1397 intelligi
345 1308 440 1388 licet,
462 1314 567 1392 quam
583 1306 740 1394 frequens
762 1307 866 1372 fuerit
885 1308 1201 1377 Platonie'auditor.

64 1424 99 1478 16
118 1412 186 1487 Nec
213 1434 296 1479 vero
323 1411 396 1476 sine
426 1410 709 1497 philosophorum
737 1409 914 1497 disciplina
936 1402 1041 1496 genus
1064 1423 1097 1477 ot
1124 1432 1201 1500 spe-

120 1502 391 1600 ciemcuiusque
412 1515 461 1578 rei
482 1536 638 1595 cernere,
660 1534 770 1597 neque
791 1536 865 1578 eam
886 1512 1079 1580 definiendo
1093 1513 1216 1603 expli--

114 1616 214 1709 eim,
228 1638 291 1681 nec
307 1617 456 1685 tribuere
471 1617 506 1681 in
520 1626 639 1702 partes·
649 1638 828 1702 possumus
837 1645 846 1694 ;
867 1638 932 1680 neo
943 1616 1104 1700 iudicare,
1116 1638 1199 1706 quau

117 1726 218 1791 nera,
244 1732 329 1804 quae
346 1718 432 1784 ¹falas
450 1719 535 1799 sint3
555 1740 681 1803 neque·
694 1740 833 1784 cernere
855 1721 1109 1804 consequentia,
1140 1704 1197 1785 russ

118 1822 305 1908 pugnantia
335 1823 470 1902 videre,
503 1821 662 1903 ambigua
686 1820 901 1906 distinguere.
954 1822 1049 1907 Quid
1080 1821 1195 1923 dicam,

118 1922 160 1986 de
181 1934 300 1988 natura
324 1946 459 1997 rerum.
485 1923 578 1988 cuius
595 1922 742 2008 cognitio
759 1945 916 2008 magnam
939 1924 1103 1989 orationis
1116 1944 1192 2010 sup-

115 2022 417 2112 pedi-tat'chpiarn,
441 2024 483 2089 de
504 2025 588 2106 vita,
612 2027 653 2090 de
667 2025 807 2102 olliciis‚²
823 2023 1034 2108 de'v'irtute,
1059 2025 1189 2091 demo-
1219 2082 1222 2087 .

77 2208 82 2219 Ι
116 2127 215 2223 ribus
231 2127 303 2192 siue
332 2131 440 2195 multa
467 2152 580 2196 earum
606 2126 757 2229 ipsarum
789 2127 1111 2225 rerumedisciplina
1138 2134 1187 2195 aut

115 2324 326 2347 Μ

136 2443 138 2447 ’
185 2450 287 2512 15τ”·υἰ
306 2448 409 2530 qii'dem
426 2434 462 2499 —-'
476 2460 562 2528 dicte]
590 2460 664 2511 dicat
684 2454 743 2517 vit.
767 2458 822 2512 Dr.
845 2456 915 2510 Vcn.
936 2458 961 2513 1.
982 2458 1008 2514 2.
1033 2453 1112 2512 Med.
1129 2450 1182 2510 rut·
1210 2494 1217 2503 .

113 2525 191 2581 lunt.
202 2556 242 2577 .-·
254 2532 280 2580 ei
288 2533 352 2598 quid
360 2531 432 2593 th·
448 2549 466 2579 a
478 2523 598 2585 Phaedra
607 2531 679 2591 Koh,
692 2556 730 2582 e-
747 2527 865 2587 Periclen
872 2529 925 2579 Dr.
943 2527 999 2579 Gu.
1007 2527 1034 2581 8.
1054 2529 1121 2596 Qut.
1128 2526 1181 2591 ΧΗ,

112 2598 141 2660 2,
154 2599 199 2651 22.
218 2590 373 2667 „Siquidem
387 2613 412 2651 et
427 2599 552 2651 Periclem
564 2629 599 2640 -
612 2603 795 2665 Anaxogorue
807 2597 913 2671 physici
928 2608 1032 2647 constat
1050 2599 1182 2648 auditorem

102 2664 199 2732 scrisse
213 2669 466 2731 et'Demottlrenem,
489 2664 760 2737 principem'omnium
774 2666 905 2716 Graeciae
917 2677 1069 2735 oraturum,
1094 2667 1183 2718 dedicet

112 2752 218 2804 operam
231 2739 363 2788 Plaroaif‘
393 2740 425 2789 V.
439 2739 511 2789 Plat.
527 2737 643 2791 Pltaedr.
659 2755 686 2805 p.
703 2738 745 2790 87.
764 2733 853 2787 Bekk.

147 2806 306 2873 didicisset]
325 2809 466 2858 dedicisset
484 2809 536 2862 Dr.
552 2836 588 2848 -
606 2808 747 2869 didicisse,
765 2817 821 2854 rum
833 2804 936 2853 uberem
948 2792 1016 2856 Sch.

140 2874 303 2947 secundum]
322 2880 462 2927 secundum
475 2878 547 2934 Kob.
563 2874 763 2947 *sacrandum
780 2874 848 2927 Ven.
869 2873 895 2925 2.
914 2871 980 2927 Tul.

146 2951 304 3014 naturaque]
324 2947 370 2997 Sic
381 2964 452 2998 tinus
462 2946 605 3003 Lamb.cl.
614 2964 638 2998 c.
648 2944 691 3001 47,
700 2941 852 2997 Schneider
863 2941 927 2997 Lat.
935 2940 1018 3009 Get,
1026 2944 1089 3015 21³.
1097 2941 1186 2999 487.-

110 3025 275 3083 gnarumque
288 3015 391 3069 Ceteri.
407 3045 443 3059 --
461 3019 634 3085 ignarumque
648 3018 725 3067 Juut.
743 3016 769 3073 1.

146 3087 267 3151 quadret
282 3085 452 3154 eloquentiae]
474 3102 528 3136 om.
545 3098 582 3134 cst
594 3086 647 3135 Dr.

141 3157 235 3220 quidue
249 3155 394 3222 orationis]
413 3156 526 3205 oratorie
542 3156 611 3207 Ven.
628 3155 654 3207 1.

143 3222 320 3290 pellerentur]
338 3223 531 3290 impellerentur
543 3222 604 3275 Ald.
618 3225 645 3278 2.
853 3276 857 3285 ,

144 3307 179 3345 ex
193 3292 328 3363 epistolis]
347 3293 468 3361 epistulis
484 3288 710 3360 Dr·—exemplie
722 3290 778 3344 vit.
787 3303 887 3359 mg.ex
900 3290 976 3352 eptie.
994 3286 1027 3343 V.
1040 3288 1124 3357 epist.
1138 3289 1191 3344 He·

65 3430 67 3437 Ι
109 3360 276 3413 raeleodoro
291 3362 474 3433 inscriptam,
492 3377 564 3431 quoe
578 3370 621 3413 est
633 3361 734 3431 quinta
746 3362 776 3412 in
789 3360 855 3411 adit.
871 3358 991 3411 Bekkeri
1004 3360 1038 3412 T.
1046 3360 1080 3417 V.
1097 3376 1127 3431 p.
1135 3360 1192 3419 647.

176 3467 222 3521 16.
240 3486 320 3536 neque
332 3466 406 3535 eom]
425 3484 536 3535 nequem
550 3466 619 3517 Ven.
637 3467 661 3518 1.
681 3491 714 3502 -
734 3480 790 3518 om.
804 3482 862 3514 eam
875 3464 944 3516 Ven.
957 3465 983 3517 2·
1004 3462 1070 3517 Tul.

121 3536 251 3604 Χρανίιε]
268 3539 357 3603 patris
375 3538 451 3587 Crat.
476 3555 524 3587 nee
535 3553 620 3606 genua
632 3534 744 3586 triluere
759 3535 787 3583 in
800 3534 903 3602 perteie
916 3547 975 3601 mg.
993 3532 1134 3590 Gothofr.

142 3609 262 3666 cernere]
282 3625 383 3655 censere
396 3607 477 3657 Mon.

144 3674 289 3741 oracionis]
313 3675 367 3726 Vit.
384 3677 436 3727 Dr.
451 3672 746 3729 A1d.1.Ven.a.tunt.
759 3673 839 3724 Man.
854 3671 886 3722 L.
895 3669 946 3722 Or.
958 3671 1081 3721 ὀνατίωιί
1096 3671 1193 3728 Ald.2

108 3743 257 3811 Grypl1.2.
278 3742 343 3795 sch.
361 3745 386 3797 2.
412 3745 644 3799 orarorr'eVen.l.
669 3742 747 3794 Med.
764 3743 863 3791 oratori
878 3741 946 3792 Ern.
962 3739 1046 3790 Klein
1066 3741 1194 3798 Miscell.

108 3814 178 3867 Crit.
197 3816 221 3866 1.
246 3831 273 3880 p.
289 3812 351 3873 504.
387 3816 490 3866 Nostra
506 3821 599 3867 autem
613 3810 699 3867 lectio
719 3811 792 3864 hene
808 3826 840 3864 se
856 3809 941 3862 hahet
955 3824 1050 3880 neque
1063 3825 1140 3880 opus
1153 3820 1194 3865 eet

105 3883 277 3937 coniectura.
736 3931 740 3937 .

137 3950 300 4021 suppeditet]
320 3964 440 4020 suppetat
454 3951 510 4004 vit.
524 3953 547 4006 1.
566 3969 606 4005 m·

139 4024 173 4073 de
186 4023 261 4090 vitu,
281 4025 312 4071 de
328 4022 449 4091 officiis]
469 4025 500 4073 tle
513 4021 615 4091 officiis
628 4023 660 4072 de
673 4020 729 4072 uita
743 4018 796 4073 Dr.

140 4091 225 4142 nrultu
240 4098 458 4165 earumipsarum
474 4096 582 4161 rerum]
599 4091 745 4146 multorum
756 4088 917 4145 raumVen.
931 4085 1191 4149 1.Med·dec.ont.

98 4178 190 4209 earum
204 4163 288 4213 Mon.

120 4230 197 4293 elder]
213 4228 290 4285 darei
301 4236 339 4289 M
340 4251 390 4291 οη,
